1718 3344
199 462 580 521 PLINIIPANEGYRICUS.
597 465 636 512 43.
701 465 746 514 3³1

84 597 144 648 rent,
160 599 183 637 et
193 601 258 655 rapte
267 593 398 647 retinerent,
408 601 436 640 ut
446 591 465 639 si
475 591 534 638 nihil
543 591 678 653 rapuissent,
690 593 749 644 nihil

85 653 242 714 detinuissent,
257 656 370 704 defuerint
379 657 471 712 omnia3
488 655 539 714 tibi,
550 670 604 703 cum
615 664 663 702 tam
674 657 749 705 multe

84 717 196 779 largiaris,
212 728 235 767 et
247 721 305 768 nihil
321 721 418 779 aufuns,
431 719 509 767 omnis
525 718 655 782 supersint?
678 720 749 767 Nun.
789 761 793 765 .

83 796 156 843 quem
164 782 308 846 Principibus
318 784 447 842 defuerunt,
458 784 500 846 qui
507 783 581 831 fronte
590 783 654 844 grsvi
662 791 684 831 et
690 784 749 832 tristi

83 846 204 907 supercilio
214 848 350 896 utilitatibus
360 848 408 895 fisci
417 848 580 895 contumaciter
589 847 708 903 adessent3
725 862 749 896 et

83 918 149 956 erent
156 910 273 975 Principes
283 913 326 975 ipsi
332 910 374 960 sui
383 923 463 975 monte
471 911 533 959 avidi
540 920 563 958 et
570 926 670 974 rapaces,
678 913 748 975 etqui

82 973 197 1035 magistris
206 990 253 1022 non
264 984 369 1039 egerenti
386 977 454 1039 plum
468 984 546 1023 temen
556 990 645 1037 semper
658 991 673 1022 a
682 975 749 1024 nobis

82 1046 162 1085 contre
171 1053 212 1087 nos
222 1039 356 1088 didicerunt
367 1040 419 1094 Sed,
431 1039 462 1087 ud
472 1049 523 1087 tues
533 1055 605 1093 aures,
617 1055 671 1086 cum
681 1047 749 1088 cete-

82 1099 115 1147 ris
122 1103 332 1158 omnibus,tumvel
339 1105 440 1152 maxime
446 1103 747 1162 averisadulntionibusob·

82 1172 182 1214 structis
199 1177 233 1215 est
246 1167 329 1216 aditus.
349 1169 422 1216 Silent
440 1182 502 1231 ergo,
518 1176 541 1215 et
555 1168 692 1231 quiescunt3
714 1177 746 1227 et,

75 1238 204 1292 postquam
216 1247 262 1279 non
273 1241 315 1290 est,
331 1233 368 1280 cui
378 1232 508 1291 suadeatur,
519 1232 561 1295 qui
571 1232 688 1288 suadeant,
700 1247 747 1280 non

80 1302 143 1340 sunt.
169 1296 224 1354 Quo
238 1297 321 1355 evenit,
333 1307 360 1343 ut
372 1297 415 1344 tibi
426 1312 480 1344 cum
491 1295 619 1358 plurimum
635 1311 677 1358 pro
692 1296 748 1357 mis,

80 1356 134 1418 plus
146 1367 223 1406 temen
233 1376 274 1423 pro
284 1362 365 1408 nostris
375 1361 477 1408 moribus
487 1361 616 1407 debeamus.

114 1424 183 1481 (42.)
199 1424 380 1487 Irocupletsbant
396 1434 420 1472 et
437 1425 518 1471 fiscum
535 1433 557 1471 et
575 1424 681 1471 eranum
699 1439 746 1472 non

80 1493 131 1532 tum
138 1487 245 1536 Voconiae
257 1498 280 1536 et
285 1490 358 1536 Juliae
368 1490 438 1550 leges,
449 1503 520 1551 quem
530 1489 655 1548 majestatis
665 1489 745 1551 singu-

80 1549 129 1596 lare
144 1560 166 1598 et
181 1553 276 1600 unicum
292 1553 378 1600 cnmen
388 1567 466 1600 eorum
478 1551 519 1614 qui
529 1550 623 1598 crimine
634 1562 746 1600 vacarent.

81 1613 162 1674 Hujus
169 1625 195 1664 tu
205 1626 294 1664 metum
304 1617 395 1679 penitus
403 1615 522 1673 sustulisti,
530 1623 648 1662 contentus
657 1617 747 1678 magni.

80 1677 169 1739 tudine,
181 1680 227 1743 qud
233 1681 292 1728 nulli
302 1681 375 1744 magis
385 1688 513 1733 caruerunt,
523 1694 593 1741 quem
600 1680 641 1741 qui
647 1678 690 1726 sibi
696 1694 746 1727 ms-

77 1742 184 1802 jeststem
193 1745 344 1793 vindicabant.
356 1745 456 1792 Reddita
466 1753 500 1791 est
510 1743 588 1790 amicis
598 1743 662 1801 fides,
669 1743 746 1792 liberis

80 1805 162 1867 pietas,
173 1810 309 1872 obsequium
320 1809 403 1857 servis:
414 1817 527 1865 verentur,
539 1816 562 1854 et
572 1815 662 1869 potent,
671 1815 693 1854 et
703 1807 745 1855 do·

80 1869 156 1918 minos
165 1871 257 1920 habent
274 1874 329 1922 Non
345 1874 406 1920 enim
417 1874 467 1933 jam
483 1871 541 1919 servi
551 1871 622 1918 nostri
633 1871 746 1934 Principis

81 1935 158 1994 amici,
173 1937 213 1984 sed
226 1953 268 1985 nos
279 1953 373 1985 sumunt
392 1952 433 1984 nec
448 1945 513 2000 pater
530 1934 610 1999 pstriae
625 1935 704 1984 alienis
721 1952 745 1985 se

80 1999 201 2063 mancipiis
211 2002 328 2061 cariorem,
340 2017 411 2066 quarn
427 2001 514 2048 civibus
524 1999 579 2058 suis,
590 1999 667 2047 credit.
684 1999 745 2048 Om·.

80 2076 122 2110 nes
140 2075 267 2113 accusatore
285 2066 407 2114 domestico
420 2064 537 2122 liberis&
556 2079 649 2127 unoque
664 2065 744 2114 salutis

80 2126 180 2188 publicae
198 2130 262 2192 signo
274 2131 333 2178 illud
348 2137 385 2184 (ut
396 2131 428 2178 sie
443 2129 550 2188 dixerim)
561 2130 640 2176 servile
655 2129 744 2176 bellum

80 2192 200 2252 sustulisti,
218 2195 243 2241 in
260 2211 306 2258 quo
320 2211 367 2243 non
381 2196 458 2242 minus
473 2195 543 2241 servis
557 2208 628 2255 quum
645 2193 744 2240 dominis

80 2257 211 2317 prestitisti
234 2259 285 2307 Hos
302 2261 364 2307 enim
382 2273 478 2317 securos,
496 2257 548 2304 illos
564 2259 643 2310 bonos,
663 2257 743 2304 fecisti.

80 2319 107 2365 N
107 2335 138 2366 on
148 2321 182 2368 vis
191 2322 278 2370 interes
287 2324 390 2380 lsudnri;
407 2338 449 2371 nec
459 2322 552 2368 fortasse
562 2319 677 2367 laudanda
685 2320 743 2368 sinte

79 2392 146 2444 grate
157 2395 211 2433 sunt
228 2395 304 2435 tamen
318 2388 487 2436 recordantibus
496 2384 625 2447 Principem
640 2383 708 2431 illum
718 2384 744 2432 iu

79 2448 155 2510 cupita
161 2450 306 2499 dominomm
313 2467 388 2500 servos
394 2455 562 2509 subornantem,
570 2457 745 2501 monstrantem·

79 2527 126 2573 que
130 2514 233 2573 crimina,
239 2532 299 2579 quoe,
305 2527 425 2580 tamquam
431 2515 513 2573 delate,
521 2513 623 2577 puniret:
632 2528 744 2576 magnum

80 2585 104 2622 et
117 2577 255 2639 inevitabile,
267 2596 293 2628 ac
303 2581 369 2628 toties
379 2582 461 2644 cuique
471 2577 635 2642 experiendum
645 2578 743 2637 melum,

80 2642 169 2703 quoties
179 2644 276 2707 quisque
285 2645 371 2691 similes
382 2644 484 2707 Principi
493 2658 568 2691 servos
577 2642 678 2690 heberet.

72 2734 79 2744 =
114 2707 183 2768 (43.)
201 2709 231 2756 lu
245 2709 324 2756 eodem
333 2723 415 2771 genere
426 2707 559 2771 ponendum
574 2714 617 2767 est,
628 2706 691 2769 quod
701 2717 745 2754 tes-

54 2803 57 2809 .
78 2777 426 2828 tamentsnostrasecuresunt3
442 2786 551 2820 netunus
561 2770 744 2823 omninm‚nunc

79 2834 135 2896 quie
144 2836 250 2899 scriptus,
261 2852 323 2884 nunt
333 2836 441 2899 quianon
449 2836 554 2899 scriptus,
560 2834 632 2882 haeres
638 2849 670 2881 es.
687 2834 744 2881 Non

78 2907 105 2944 tu
116 2898 187 2958 falsis,
197 2916 242 2948 non
251 2909 276 2948 tu
287 2900 372 2963 iniquis
379 2899 464 2949 tubulis
471 2898 597 2948 edunensis·
610 2896 756 2963 dulmensis

74 2961 227 3030 seducendis,
236 2966 326 3016 nullius
332 2966 453 3033 impietus,
460 2957 777 3022 nolbustmormntuevs
