1718 3344
179 110 289 156 l'IrlNll
309 111 560 159 PANEGYRICUS.
579 115 617 156 ὁὶ).
684 114 727 158 341

64 240 241 300 frangerentur?
270 239 315 286 Sed
336 239 395 286 illud
415 240 545 302 indignum,
569 239 630 302 quod
652 240 730 287 eodem

64 312 168 366 tempore
181 303 205 350 in
224 312 303 350 senatu
320 312 343 350 et
361 303 386 349 in
404 305 481 362 sceui,
502 307 532 351 ab
550 303 660 350 histrione
677 312 701 351 et
717 321 732 351 s

64 365 167 425 consule,
177 365 338 414 laudabantur.
358 367 398 414 Tu
412 368 492 430 procul
509 383 524 415 a
540 367 575 415 tui
591 367 655 414 culm
670 367 732 414 ludi-

64 445 116 479 cras
131 438 190 478 artes
203 430 325 478 removisti.
342 430 405 480 Seria
419 447 473 494 ergo
486 440 509 480 te
524 431 634 488 carmms,
648 430 733 478 honor-

65 509 114 558 que
130 502 227 547 aternus
243 495 370 553 annalium,
388 510 435 543 non
451 496 500 544 lraeo
515 496 589 543 brevis
605 503 628 542 et
643 494 733 558 puden-

65 559 99 606 da
114 557 244 621 praedictio
257 559 327 606 colit:
345 559 402 622 quin
418 559 488 610 etiam
500 567 563 608 tanto
576 560 664 619 majore
679 573 733 606 con·

66 637 136 670 sensu
149 621 174 669 in
185 623 352 670 venerationem
368 624 404 671 tui
415 623 504 671 theatra
522 624 572 687 ipsa
587 631 731 684 consurgent,

66 693 246 811 suumn
253 687 612 816 nnnrrrurfri
619 687 733 799 nur

67 815 104 864 bis
112 814 253 873 efferuntur,
265 823 306 862 aut
321 815 421 864 delibare
429 816 568 880 parcissime,
585 824 626 863 aut
639 815 734 864 omnino

67 879 273 928 solemrecusarei
290 875 359 926 Nihil
376 880 666 943 mteumvmguruum
681 896 733 943 par-
829 866 835 885 “

67 958 135 1001 vum,
146 942 170 989 in
181 950 261 990 amatu
269 945 418 1005 egebatunut
427 959 474 991 non
482 944 590 991 laudibus
598 943 733 1006 Principum

66 1007 733 1133 &dimittedimittlitlitiibt

67 1134 208 1183 instituendo
223 1135 318 1197 collegio
339 1135 466 1192 fabrorum,
487 1104 677 1182 consulebamirrr
703 1145 734 1192 et,

66 1199 134 1264 quasi
151 1197 244 1262 prolatis
256 1198 347 1261 imperii
361 1198 454 1257 finibus,
468 1212 530 1245 nunc
542 1198 732 1261 ingentesareus,

64 1277 244 1325 excessurosque
263 1262 402 1325 templorum
423 1261 540 1324 fastigium
561 1262 650 1318 titulos,
671 1277 734 1312 nunc

64 1342 157 1375 menses
167 1327 245 1384 etiarn,
256 1341 298 1374 nec
308 1327 350 1374 hos
356 1327 465 1390 singulos,
473 1324 562 1373 nomini
569 1326 687 1374 Cassarum
697 1326 734 1374 di·

63 1394 184 1441 cebamus.
201 1390 350 1438 Patiebantur
363 1390 407 1449 illi,
418 1398 449 1450 et,
461 1390 527 1454 qussi
538 1390 681 1448 meruissent,
692 1390 734 1439 la-

64 1458 182 1513 tabantur.
203 1455 239 1502 At
249 1469 310 1502 nunc
322 1455 375 1517 quis
390 1457 502 1512 nostrum,
517 1463 638 1517 tamquam
649 1454 734 1504 oblitus

66 1522 120 1582 ejus
130 1520 159 1567 de
169 1534 216 1583 quo
227 1519 330 1572 refertur,
344 1518 450 1566 censendi
460 1517 560 1566 officium
568 1518 681 1581 Principis
690 1519 733 1566 ho-

66 1600 123 1634 nore
132 1582 264 1631 consumit?
281 1583 342 1630 'Pure
348 1582 508 1631 moderationis
515 1581 622 1630 laushaec
630 1591 734 1630 constan-

66 1652 100 1700 tia
110 1657 201 1696 nostra:
218 1647 261 1695 tibi
269 1647 424 1710 obsequimur,
451 1646 498 1694 uod
507 1647 532 1694 in
540 1646 636 1705 mnam,
646 1661 693 1694 non
704 1647 735 1694 ad

65 1722 183 1765 certamen
193 1711 360 1771 adulationum,
372 1712 411 1759 sed
465 1727 534 1759 usum
543 1718 674 1774 munusque
683 1713 734 1772 jus·

66 1779 133 1836 titia,
145 1777 301 1835 convenimus,
317 1775 378 1824 hanc
393 1775 533 1839 simplicitati
544 1783 590 1823 tuse
600 1776 735 1838 veritatique
745 1818 750 1825 .

65 1843 166 1909 gratiam
177 1841 278 1902 relaturi,
290 1848 317 1887 ut
327 1848 358 1898 te,
369 1857 422 1905 quse
432 1840 475 1899 vis,
486 1840 553 1897 velle,
570 1855 622 1902 quse
632 1854 680 1887 non
690 1839 734 1895 vis,

67 1909 130 1956 nolle
136 1905 263 1953 credamus.
280 1904 407 1967 incipimus
414 1903 476 1962 inde,
483 1902 608 1950 desinimus
614 1902 655 1962 ibi,
666 1917 734 1966 aquo

67 1970 147 2035 incipi,
158 1970 183 2017 iu
199 1984 246 2032 quo
261 1968 342 2028 desini,
357 1971 400 2017 sub
415 1968 460 2015 alio
474 1967 580 2030 Principe
592 1981 639 2013 non
650 1974 733 2030 posset.

69 2039 135 2086 Nam
145 2035 265 2098 plerosque
275 2048 304 2080 ex
318 2032 413 2082 decretis
422 2032 546 2079 honoribus
557 2039 580 2077 et
589 2030 629 2077 alii
643 2045 690 2078 non
698 2045 734 2078 re·

124 2107 193 2155 runt3
211 2112 279 2144 nemo
293 2105 347 2145 ante
361 2106 440 2146 tentus
454 2096 507 2156 fuit,
519 2104 546 2143 ut
556 2094 683 2143 crederetur
693 2109 735 2142 no-

67 2167 138 2214 lmsse
152 2162 249 2210 decerni.
266 2161 337 2221 Quod
350 2177 393 2224 ego
407 2160 480 2209 titulis
490 2160 598 2208 omnibus
613 2159 735 2224 speciosius

66 2244 127 2287 reor,
146 2225 239 2291 quando
252 2240 299 2272 non
313 2227 415 2273 trabibus
427 2233 469 2272 aut
482 2225 544 2273 sexis
554 2237 640 2272 nomen
656 2233 734 2284 tuum,

16 2299 18 2305 ’
65 2290 266 2343 eedmonimentis
275 2298 365 2338 eterne
371 2289 455 2348 laudis,
466 2289 581 2338 inciditur·
778 2287 781 2290 ’

97 2355 168 2422 (55.)
176 2355 225 2402 Ibit
235 2354 259 2401 in
268 2353 358 2414 secula,
367 2353 437 2400 firisse
446 2351 585 2430 Principem,
595 2351 641 2410 cui,
651 2351 735 2398 floren·

68 2423 88 2472 ti
99 2430 122 2469 et
131 2418 250 2477 incolumi,
259 2432 380 2480 nunquam
389 2417 434 2465 nisi
443 2417 528 2466 modici
538 2418 643 2474 honores,
652 2413 736 2476 sapius

67 2485 136 2543 nulli,
147 2483 326 2532 decernerentur.
351 2482 385 2530 Et
394 2496 456 2542 sane,
471 2481 598 2530 sivelimus
608 2493 665 2526 curn
673 2477 737 2549 prio·

66 2565 121 2600 rum
131 2557 262 2612 temporum
272 2545 407 2602 necessitate
416 2554 518 2607 certare,
524 2546 652 2594 vincemus
659 2555 672 2583 ·-
682 2549 757 2608 w·

58 2614 149 2665 uiosior
158 2623 194 2663 est
204 2613 273 2666 euim
284 2614 314 2667 ad
325 2612 520 2683 excogitandum
521 2599 784 2724 ‘533’me
