1718 3344
216 489 328 540 PLINII
345 489 456 540 nplsr.
472 491 532 541 vn.
550 492 591 541 33.
688 490 735 538 193

64 616 142 676 etone,
153 614 287 668 timentum
301 621 422 684 provincie
438 621 530 668 Baeticae
539 627 617 669 contra
627 617 734 666 Baebiurn

65 683 194 761 itiassame
205 682 359 760 damnatoque
376 685 462 743 Massi,
482 693 607 760 censuerat,
625 692 652 730 ut
666 685 733 764 Abona

63 747 733 875 tintffintiittttitsstffnttiiffit

64 879 84 906 ‘⁶
95 875 152 935 Qut
162 875 306 945 concordii,'’
321 877 405 940 inquit,
424 880 442 907 “
453 878 579 938 injrrnctsm
590 876 656 924 nobis
666 889 732 922 accu-

64 940 177 988 sationem
187 941 289 1000 exsecuti
299 956 386 997 sumus,
397 941 440 991 hae
451 942 558 990 &cemus
569 940 680 998 consides,
690 954 731 1002 pe·

64 1012 197 1078 tnmusque,
208 1017 237 1051 ne
247 1006 308 1052 bona
318 1005 423 1068 dissipari
439 1005 522 1062 sinant,
536 1000 635 1069 ‹juorum
649 1019 697 1051 esse
706 1003 732 1050 in

64 1067 169 1116 custodiit
179 1067 287 1116 debent.”
309 1069 434 1132 Respondi,
446 1073 464 1099 “
476 1071 537 1118 Cum
547 1071 619 1118 simus
629 1067 733 1116 advocati

64 1148 80 1180 n
90 1140 171 1180 senatu
181 1131 236 1187 dati,
248 1133 341 1195 dispice,
350 1148 406 1180 num
415 1143 516 1197 peruetus
523 1143 590 1198 putes
597 1142 672 1196 partes
679 1147 732 1180 nos·

65 1196 221 1253 caesenatis
227 1197 462 1260 cognitionefiniti?”
478 1199 565 1257 Etille,
578 1200 594 1227 “
603 1199 651 1256 Tu,
660 1211 731 1260 quem

64 1261 135 1320 voles,
147 1259 190 1307 tibi
200 1261 324 1308 tenninum
335 1270 428 1320 statues,
439 1262 547 1311 cuinullc
554 1278 607 1311 cum
615 1261 732 1326 provincii

65 1324 217 1384 necessitudo,
226 1324 270 1372 nisi
280 1340 309 1373 ex
316 1325 424 1373 beneficio
432 1334 481 1384 tuo,
492 1335 515 1374 et
522 1327 566 1374 hoc
573 1326 670 1374 recenti:
682 1325 731 1388 ipse

64 1397 89 1436 et
99 1397 168 1436 natus
178 1388 220 1446 ibi,
231 1396 253 1437 et
263 1398 362 1452 quaestor
372 1390 396 1436 in
410 1388 437 1438 ei
446 1391 505 1437 fui”
532 1391 597 1438 Tum
607 1406 657 1454 ego,
676 1392 693 1418 “
705 1389 731 1437 Si

63 1453 139 1501 fixum
150 1453 194 1501 tibi
211 1452 272 1500 istud
291 1469 318 1521 sc
332 1454 490 1515 deliberatum,
505 1471 587 1520 sequar
603 1463 640 1512 te3
656 1461 690 1508 nt,
711 1453 730 1500 si

63 1533 111 1582 qus
119 1532 148 1565 ex
158 1516 202 1565 hoc
210 1517 302 1576 invidis,
310 1533 356 1565 non
363 1527 404 1566 tua
411 1527 501 1566 tantum
509 1520 562 1566 sit’'
578 1519 692 1566 Venimus
700 1516 731 1565 ed

63 1581 184 1630 consulesz
196 1581 251 1628 dicit
261 1581 362 1639 Senecio,
372 1599 426 1645 quae
435 1599 470 1630 res
477 1582 577 1630 ferebat:
589 1583 667 1645 aliqua
675 1583 730 1629 sub·

62 1645 145 1709 jungo.
162 1645 278 1693 Vixdum
294 1646 489 1702 conticueramus3
506 1656 529 1694 et
538 1647 626 1702 Massa,
636 1653 731 1708 questus

63 1709 212 1773 Senecionem
222 1724 268 1756 non
279 1710 380 1758 advocati
389 1710 467 1768 fidem,
478 1711 517 1758 sed
524 1709 611 1756 inimici
621 1709 731 1756 amaritu-

63 1773 152 1834 dinem,
167 1773 281 1836 implesse,
291 1774 415 1838 impietatis
425 1789 490 1821 reum
506 1773 613 1838 postulet.
642 1773 731 1819 Horror

23 1848 26 1853 '
63 1838 185 1895 omninmz
203 1853 244 1901 ego
255 1847 341 1897 autem,
353 1840 371 1867 ‘⁶
383 1839 496 1895 Vereor,''
506 1839 611 1901 inquam,
623 1838 641 1865 “
653 1837 730 1883 chris·

62 1901 119 1950 ‘simi
129 1903 241 1961 consules,
252 1914 283 1950 ne
292 1903 351 1949 mihi
362 1902 441 1950 Messa
451 1902 540 1950 silentio
550 1900 730 1964 suopraevnrico'-

62 1967 151 2014 tionem
161 1966 277 2028 objecerit,
290 1966 353 2030 quod
367 1981 413 2013 non
424 1975 447 2014 et
456 1982 495 2015 me
505 1981 570 2014 reum
581 1965 730 2030 postulavit”

62 2030 126 2090 Quae
137 2030 730 2094 voxosnumexoepcetposmmulosermone

60 2095 179 2144 celebrata
188 2103 229 2142 est.
256 2095 331 2142 Divus
341 2095 435 2158 quidem
446 2095 532 2154 Nerva,
552 2098 617 2148 (nam
627 2095 730 2159 privatus

57 2300 119 2335 :rum
129 2288 199 2335 etism
210 2238 292 2335 soffio
302 2295 336 2335 est
345 2259 481 2351 gratulatus,
495 2289 533 2336 cui
543 2304 608 2336 exn
625 2257 731 2352 lum'nic

56 2352 127 2400 'esrim
137 2348 237 2415 scripsit)
249 2351 324 2398 simile
336 2353 437 2416 antiquis
450 2353 586 2416 contigisset.
639 2367 679 2410 aec,
691 2361 730 2400 ut·

53 2431 165 2479 ¹cumque
171 2431 195 2464 se
200 2415 394 2476 hubentnotiore,
403 2418 504 2475 clsriorc,
511 2418 606 2478 anoru,
614 2425 641 2464 tn
649 2416 729 2464 facies:

61 2495 207 2545 quemquem
223 2494 270 2526 non
281 2480 356 2542 exigo,
371 2489 398 2528 ut
407 2482 502 2530 excedas
512 2490 568 2528 cctae
583 2481 616 2528 rei
625 2481 729 2528 medum.
817 2537 820 2543 Ι

55 2544 129 2595 utun
144 2560 187 2593 nec
201 2543 295 2592 historic
303 2545 370 2592 debet
380 2546 456 2608 egredi
466 2545 592 2607 veritatem,
603 2554 626 2593 et
636 2545 731 2593 honeste

60 2609 130 2659 fectis
140 2610 222 2659 veritus
233 2608 321 2657 suffieit.
339 2609 406 2659 ane.
718 2617 723 2640 ³
