1718 3344
174 111 287 158 PLINII
311 112 563 160 PANEGYRIUUS.
581 115 619 158 21.
684 112 733 156 315

64 237 131 285 dium
142 241 247 286 omnium
258 241 412 303 laboremque,
424 251 447 287 et
463 250 583 314 tamquam
596 249 686 287 exactor
696 239 733 284 in-

63 300 176 360 tenderes,
192 313 216 352 et
226 311 345 366 tamquam
357 312 471 415 ppmceps
485 319 605 367 socrusque
615 304 732 352 relevum

63 365 152 431 Eelices
159 366 219 427 illos,
231 367 357 431 quorumfi
405 375 428 416 et
437 367 604 416 industrianon
663 366 734 414 inter-

62 431 158 479 nuntios
175 440 198 480 et
210 431 353 495 interpretes,
371 431 411 479 sed
429 434 458 480 ab
475 431 525 495 ipso
539 442 569 486 te,
585 447 628 479 nec
638 430 733 478 auribus

62 493 120 553 tuis,
136 495 177 544 sed
193 496 271 550 oculis.
291 496 460 559 probabantur!
484 496 606 544 Consecuti
624 503 687 553 sunt,
704 502 734 541 ut

63 558 146 607 absens
162 575 255 624 quoque
270 559 300 608 de
315 560 447 609 absentibus
465 559 554 608 nemini
568 559 643 624 magis
661 573 734 623 quam

64 622 109 670 trbi
120 623 228 672 crederes.

97 685 168 752 (2⁰.)
184 688 242 736 Jam
252 697 275 737 te
285 688 371 737 civium
380 687 491 738 desideria
500 691 650 746 revocabante
668 703 733 736 amo·

62 749 733 881 mrrptffigppffippnffl

91 895 117 928 ec
127 896 181 930 vero
191 896 234 944 ego
244 881 269 928 in
279 850 386 930 laudibds
401 882 447 930 tuis
459 835 633 947 ponamffiod
647 882 733 931 adven·

63 950 116 992 tum
126 952 195 994 tuum
205 959 252 992 non
262 954 326 1009 pater
336 945 468 1010 quisquam,
483 961 529 994 non
544 949 650 1006 maritus,
661 961 733 1010 erpa·

62 1007 105 1056 rit
127 1009 244 1064 Affecteta
257 1009 308 1057 aliis
322 1010 421 1070 castitas,
437 1010 480 1059 tibi
494 1010 596 1074 ingenita
610 1021 633 1060 et
643 1012 731 1071 innata,

62 1071 170 1137 interque
186 1089 221 1133 ea,
239 1090 292 1137 quae
305 1074 419 1138 imputare
437 1089 484 1122 non
500 1075 579 1138 possis.
604 1076 692 1124 Nullus
706 1075 732 1123 in

62 1264 177 1314 accinctus
183 1219 402 1330 e'tparensi’dieeres
409 1237 522 1329 magndm
529 1267 631 1378 appuem
639 1267 740 1325 ducem„

12 1367 13 1370 η
62 1345 90 1378 ac
101 1339 124 1378 te
134 1331 289 1395 potissimum,
304 1330 334 1379 ed
351 1330 463 1378 exercitus
477 1331 524 1378 ire:
573 1347 599 1379 eo
613 1331 680 1390 nihil,
691 1339 733 1378 aut

62 1403 124 1442 certe
168 1411 230 1455 rum,
239 1394 345 1443 intererat
356 1396 415 1444 inter
424 1395 589 1458 Imperatorem
599 1395 696 1452 factum,
709 1402 733 1442 et

63 1458 129 1507 brevi
147 1469 249 1507 uturum.
268 1460 348 1519 Quam
357 1459 475 1507 dissimilis
483 1474 556 1523 nuper
564 1458 657 1508 alterius
665 1458 731 1507 Prin·

63 1522 121 1587 cipis
139 1523 262 1573 transitus!
285 1525 400 1572 aitamen
421 1524 530 1572 transitus
550 1523 599 1583 itte,
619 1539 667 1572 non
688 1539 732 1587 po·

62 1587 152 1651 prrlatio
162 1587 216 1647 fuit,
233 1603 288 1636 cnm
301 1589 395 1637 abactus
410 1588 528 1651 hospitum
544 1597 665 1650 exerceret,
679 1604 731 1637 om-

63 1651 149 1715 niaque
161 1651 244 1700 daut
258 1652 363 1716 laevtque
376 1661 469 1717 perusta
485 1662 507 1700 et
522 1653 608 1712 attrita,
623 1661 650 1700 ut
665 1653 684 1702 si
696 1652 732 1702 vis

63 1715 151 1779 aliqua,
158 1717 194 1764 vel
204 1716 250 1780 ipsi
259 1717 294 1764 illi
304 1718 403 1777 barbari,
412 1732 469 1781 quos
479 1716 591 1780 fugiebat,
599 1717 731 1767 inciderent.

63 1780 254 1829 Penuedendum
269 1781 391 1845 provinciis
406 1789 460 1838 erat,
471 1781 531 1829 illud
546 1783 590 1831 iter
602 1782 733 1831 Domitiani

63 1843 143 1904 fuisse,
151 1859 199 1892 non
208 1845 330 1909 Principis.
347 1847 430 1910 Itaque
438 1861 484 1894 non
492 1855 540 1894 tam
549 1862 590 1910 pro
599 1847 639 1894 tud
649 1846 733 1910 gleni,

62 1924 135 1972 quam
145 1925 187 1973 pro
197 1909 296 1957 utilitate
312 1911 438 1971 communi,
450 1910 523 1959 edicto
535 1911 659 1972 subjecisti,
675 1909 733 1975 quid

61 1972 87 2020 in
104 1982 231 2038 utrumque
251 1976 350 2022 vestrum
368 1984 426 2023 esset
443 1975 582 2038 impensum.
608 1975 734 2023 Assuescat

63 2036 193 2101 imperator
203 2053 256 2085 cum
267 2038 363 2101 imperio
373 2039 488 2088 cuculum
498 2053 596 2102 ponerer
614 2038 647 2086 sie
657 2046 733 2098 exeat,

62 2102 95 2149 sic
111 2101 198 2160 redeat,
217 2110 337 2166 tamquam
354 2103 465 2154 rationem
484 2102 629 2159 redditurus3
649 2103 731 2163 edicat,

78 2166 120 2214 uid
130 2167 273 2214 absumserit
289 2167 328 2214 Ita
337 2167 385 2226 fiet,
397 2176 478 2217 utnon
489 2169 603 2228 absumat,
613 2168 676 2231 quod
685 2183 732 2244 pu·

61 2182 115 2279 dest
125 2230 206 2278 dicere
227 2231 340 2280 Praeterea
349 2231 423 2280 futuri
433 2231 559 2296 Principes,
567 2233 638 2280 velint
648 2233 733 2293 nolint,

60 2294 134 2343 sciant
146 2292 239 2358 [quanti
253 2297 334 2359 tuum]
346 2304 448 2344 constat:
461 2296 629 2361 propositisque
639 2297 731 2346 duobus

61 2358 184 2434 exemplis,
194 2359 349 2420 meminerint,
358 2360 452 2423 perinde
461 2361 616 2421 conjecturam
625 2362 655 2410 de
662 2360 733 2409 mori·

60 2425 106 2471 bus
121 2439 168 2499 auu
183 2423 288 2473 homines
304 2439 351 2472 esse
364 2425 472 2483 fastmot,
483 2434 552 2487 prout
565 2425 609 2474 boc
619 2427 656 2474 vel
670 2423 731 2473 illud

61 2488 179 2617 Ἧι
183 2553 268 2601 Nonne
281 2552 318 2600 his
330 2559 365 2600 tot
379 2551 495 2619 tantisque
503 2552 599 2602 mentia
607 2568 687 2600 norea
698 2551 744 2597 exa·

60 2632 120 2680 quos
127 2615 233 2679 bonores,
245 2633 318 2670 novos
328 2618 422 2682 titulos,
431 2620 576 2671 merebare‘r
598 2617 677 2665 datm
686 2610 768 2659 eim
