1718 3344
233 459 346 511 PLINII
368 460 477 510 EPIST.
497 459 518 508 l.
536 463 574 520 12.
707 465 736 512 13

158 657 169 719 (
181 655 229 718 ll.)
246 658 275 705 C·
287 658 385 704 Plinius
395 656 470 703 Fabio
479 659 552 704 ducto
562 671 604 703 tuo
615 659 641 703 S.

95 782 162 832 Olim
172 784 232 832 mihi
245 786 321 833 nullas
334 785 440 849 epistolas
454 785 535 832 mittis.
551 784 619 832 Nihil
630 795 672 841 est,
685 785 735 848 (in-

62 849 128 912 quis)
138 848 202 912 quod
212 849 325 897 acribamz
343 864 368 896 at
377 849 421 896 boc
430 848 507 912 ipsum
518 849 597 901 scribe,
608 849 667 896 nihil
677 866 733 906 esse,

60 912 128 975 quod
137 912 238 970 παῖδας
255 915 293 962 vel
304 915 378 961 solum
390 913 457 966 alud,
468 913 530 960 unde
539 914 639 976 incipere
648 914 734 977 priores

61 976 178 1035 nolebant,
186 978 237 1025 “Si
245 979 314 1033 vales,
321 981 438 1034 beneest3
456 993 498 1040 ego
510 978 599 1024 valeo-'³
616 978 733 1025 llocmihi

61 1040 163 1095 sufficit;
180 1051 214 1107 est
234 1043 297 1089 enim
317 1042 457 1090 maximum.
480 1042 571 1090 Ludere
588 1057 627 1090 me
645 1045 732 1106 putas?

60 1105 128 1152 Serio
140 1113 200 1168 peto.
218 1105 266 1153 Fac
280 1107 359 1164 sciam,
371 1107 428 1168 quid
442 1121 512 1168 agan
529 1107 592 1169 quod
607 1107 656 1155 aine
670 1107 733 1155 aolli·

59 1168 166 1218 titudine
175 1169 268 1218 summi
277 1171 364 1219 nescire
373 1185 420 1217 non
431 1185 531 1233 possum.
548 1171 616 1219 vale.

121 1363 194 1428 (12)
213 1366 242 1413 C·
256 1365 354 1412 Plinius
366 1366 481 1413 Calestrio
495 1364 579 1411 Tironi
590 1379 631 1410 arao
643 1366 669 1413 S.

91 1492 216 1541 Jacturam
227 1492 385 1556 gravissimam
396 1490 448 1551 teci,
464 1491 483 1540 si
492 1494 582 1554 jactura
592 1487 688 1541 dicenda
698 1503 731 1541 est

58 1557 119 1604 tanti
134 1557 177 1604 viri
190 1557 289 1605 amissio.
307 1557 409 1604 Decessit
420 1557 534 1604 Corellius
549 1557 635 1613 Rufus,
646 1567 669 1605 et
679 1559 731 1621 qui·

56 1621 211 1684 dernsrtonte3
220 1621 283 1686 quod
289 1621 390 1669 dolorem
398 1636 478 1668 meum
485 1621 607 1668 exulcerat.
618 1621 663 1668 Est
668 1622 730 1669 enim

56 1685 253 1734 hictuoaiaaimum
271 1701 344 1748 genua
359 1685 448 1743 mortis,
463 1700 516 1747 quae
531 1699 577 1730 non
594 1700 623 1731 ex
639 1685 729 1744 natura,

56 1763 101 1796 nec
111 1749 194 1810 satalia,
206 1751 303 1799 videtur·
320 1750 385 1796 Nam
393 1757 527 1811 utcumque,
535 1747 611 1794 inillis
619 1747 728 1810 quimor-

56 1816 89 1862 bo
100 1812 220 1875 liniuntur,
236 1828 349 1876 magnum
366 1829 395 1859 ex
411 1812 460 1874 ipsi
475 1811 606 1858 necessitate
622 1812 729 1859 solatium

56 1886 108 1933 αἱς
126 1877 151 1925 in
162 1878 190 1926 iia
200 1895 254 1928 nero
264 1893 322 1942 quoa
332 1877 437 1924 arcessita
450 1891 513 1922 mors
527 1875 610 1933 aufert,
621 1875 659 1923 hic
669 1876 730 1924 insa·

55 1941 142 1992 nabilis
152 1942 216 1990 dolor
226 1951 269 2001 eat,
280 1941 342 2006 quod
353 1941 477 1989 creduntur
485 1939 585 2003 potuisse
595 1940 635 1987 diu
646 1940 728 1989 vivere.

56 2006 186 2056 Corellium
192 2007 286 2071 quidem
294 2021 386 2054 summa
395 2005 453 2052 ratio
463 2007 532 2068 (quar
537 2005 676 2068 sapientibus
687 2021 729 2069 pro

55 2070 189 2121 neoeeante
205 2072 251 2128 ast)
267 2070 297 2118 ad
313 2070 357 2118 hoc
373 2069 493 2118 consilium
510 2069 629 2132 compulit,
647 2085 729 2132 quam-

55 2151 128 2200 quam
145 2135 257 2199 plurimas
272 2134 364 2182 vivendi
380 2149 459 2181 causas
471 2133 602 2188 habentem,
614 2135 727 2197 optimam

53 2200 227 2259 mammeam,
237 2199 349 2262 optimam
360 2196 456 2257 famarm
467 2198 594 2245 maximam
605 2199 728 2246 auctorita-

54 2273 118 2322 tem3
136 2274 247 2327 praeterea
255 2263 337 2320 liliam,
345 2277 451 2320 uxorem,
461 2270 576 2324 nepotem,
587 2277 683 2321 sorores,
691 2261 728 2311 in.

54 2338 136 2394 terque
155 2338 190 2377 tot
206 2329 311 2392 pignora,
328 2342 392 2374 veroa
410 2325 504 2373 amicos.
522 2325 568 2375 Sed
584 2335 632 2373 tam
646 2325 726 2390 longi,

53 2403 102 2442 tam
117 2392 200 2468 minut
215 2391 346 2440 valetudine
361 2390 540 2447 conflictabatur,
556 2399 583 2438 ut
598 2391 648 2437 hec
663 2399 727 2439 anta

52 2459 128 2522 pretia
138 2457 230 2504 vivendi
244 2456 323 2503 mortis
337 2455 463 2502 redonibus
473 2454 624 2501 vincerentur.
646 2454 727 2503 Tertio

53 2532 77 2571 et
85 2521 203 2570 tricesimo
212 2535 272 2568 arana
284 2521 322 2583 (ut
332 2518 409 2582 ipsum
419 2518 581 2582 predicantem
591 2516 727 2580 audiebam)

51 2586 141 2651 padum
157 2585 235 2633 dolore
252 2591 367 2647 comptus
386 2592 427 2630 est.
451 2582 543 2630 Patrius
554 2583 594 2630 hic
605 2583 654 2629 illia
670 2597 725 2631 nam

50 2651 193 2715 plerumque
203 2647 278 2696 morbi
288 2663 382 2711 quoque
392 2663 433 2710 per
443 2647 592 2694 successiones
602 2647 724 2710 quasdam,

51 2726 79 2762 nt
100 2715 156 2771 alia,
179 2713 308 2760 traduntur.
336 2712 409 2759 Hunc
429 2706 574 2766 abstinentia,
596 2711 724 2771 sanctitate,

51 2779 130 2844 quoad
146 2778 225 2826 viridia
241 2787 304 2835 atas,
318 2776 372 2823 vicit
386 2784 408 2823 et
418 2774 504 2837 fregit3
522 2775 644 2823 novissime
660 2791 723 2834 eum,

47 2852 167 2892 senectute
183 2842 385 2904 ingravescentem,
401 2840 487 2887 viribus
503 2839 575 2886 animi
591 2839 724 2887 sustinebat.

49 2909 113 2956 Cum
130 2906 227 2971 quidem
242 2905 385 2952 incredibiles
397 2904 510 2952 cruciatus
526 2912 549 2950 et
565 2903 723 2966 indignissima

47 2982 165 3023 tormenta
181 2978 305 3036 pateretur,
323 2969 383 3032 (jam
399 2967 461 3017 enim
477 2967 542 3016 dolor
560 2982 606 3016 non
625 2966 722 3032 pedibus

545 3044 559 3078 c
