<?xml version="1.0" encoding="UTF-8"?>
<!DOCTYPE html PUBLIC "-//W3C//DTD XHTML 1.0 Transitional//EN"
    "http://www.w3.org/TR/xhtml1/DTD/xhtml1-transitional.dtd">
<html xmlns="http://www.w3.org/1999/xhtml" xml:lang="en" lang="en">
 <head>
  <title>
</title>
<meta http-equiv="Content-Type" content="text/html;charset=utf-8" />
  <meta name='ocr-system' content='tesseract 3.04.00' />
  <meta name='ocr-capabilities' content='ocr_page ocr_carea ocr_par ocr_line ocrx_word'/>
</head>
<body>
  <div class='ocr_page' id='page_1' title='image "./cpliniicciliise00plingoog_0184.png"; bbox 0 0 1718 3344; ppageno 0'>
   <div class='ocr_carea' id='block_1_1' title="bbox 208 471 722 527">
    <p class='ocr_par' dir='ltr' id='par_1_1' title="bbox 208 471 722 527">
     <span class='ocr_line' id='line_1_1' title="bbox 208 471 722 527; baseline 0.012 -6"><span class='ocrx_word' id='word_1_1' title='bbox 208 471 321 522; x_wconf 76' lang='lat' dir='ltr'><strong>rnlnll</strong></span> <span class='ocrx_word' id='word_1_2' title='bbox 340 472 447 522; x_wconf 84' lang='lat' dir='ltr'><strong>EPIST.</strong></span> <span class='ocrx_word' id='word_1_3' title='bbox 466 473 511 522; x_wconf 85' lang='lat' dir='ltr'><strong>Vl.</strong></span> <span class='ocrx_word' id='word_1_4' title='bbox 530 474 586 521; x_wconf 61' lang='lat' dir='ltr'><strong>16.x</strong></span> <span class='ocrx_word' id='word_1_5' title='bbox 678 473 722 527; x_wconf 80' lang='grc'><strong>117</strong></span> 
     </span>
    </p>
   </div>
   <div class='ocr_carea' id='block_1_2' title="bbox 165 665 608 728">
    <p class='ocr_par' dir='ltr' id='par_1_2' title="bbox 165 665 608 728">
     <span class='ocr_line' id='line_1_2' title="bbox 165 665 608 728; baseline 0.002 -17"><span class='ocrx_word' id='word_1_6' title='bbox 165 667 176 728; x_wconf 84' lang='grc'><strong>(</strong></span> <span class='ocrx_word' id='word_1_7' title='bbox 185 665 237 728; x_wconf 83' lang='grc'><strong>11.)</strong></span> <span class='ocrx_word' id='word_1_8' title='bbox 255 669 283 715; x_wconf 84' lang='lat' dir='ltr'><strong>C·</strong></span> <span class='ocrx_word' id='word_1_9' title='bbox 296 668 394 714; x_wconf 78' lang='lat' dir='ltr'><strong>Plinius</strong></span> <span class='ocrx_word' id='word_1_10' title='bbox 404 669 519 714; x_wconf 77' lang='lat' dir='ltr'><strong><em>Maurico</em></strong></span> <span class='ocrx_word' id='word_1_11' title='bbox 529 682 571 713; x_wconf 80' lang='lat' dir='ltr'><strong>roo</strong></span> <span class='ocrx_word' id='word_1_12' title='bbox 582 666 608 713; x_wconf 90' lang='lat' dir='ltr'><strong>S.</strong></span> 
     </span>
    </p>
   </div>
   <div class='ocr_carea' id='block_1_3' title="bbox 49 793 726 1293">
    <p class='ocr_par' dir='ltr' id='par_1_3' title="bbox 49 793 726 1293">
     <span class='ocr_line' id='line_1_3' title="bbox 86 793 725 844; baseline 0.002 -3"><span class='ocrx_word' id='word_1_13' title='bbox 86 793 202 842; x_wconf 83' lang='lat' dir='ltr'><strong>Sollicitas</strong></span> <span class='ocrx_word' id='word_1_14' title='bbox 216 810 255 843; x_wconf 88' lang='lat' dir='ltr'><strong>me</strong></span> <span class='ocrx_word' id='word_1_15' title='bbox 268 796 293 843; x_wconf 85' lang='lat' dir='ltr'><strong>in</strong></span> <span class='ocrx_word' id='word_1_16' title='bbox 303 795 461 844; x_wconf 71' lang='lat' dir='ltr'><strong>Formianum.</strong></span> <span class='ocrx_word' id='word_1_17' title='bbox 494 794 593 843; x_wconf 78' lang='lat' dir='ltr'><strong>Veniam</strong></span> <span class='ocrx_word' id='word_1_18' title='bbox 606 794 633 842; x_wconf 73' lang='lat' dir='ltr'><strong>ei</strong></span> <span class='ocrx_word' id='word_1_19' title='bbox 646 796 725 842; x_wconf 82' lang='lat' dir='ltr'><strong>eondi-</strong></span> 
     </span>
     <span class='ocr_line' id='line_1_4' title="bbox 49 858 724 922; baseline 0.001 -17"><span class='ocrx_word' id='word_1_20' title='bbox 49 861 126 911; x_wconf 77' lang='lat' dir='ltr'><strong>none,</strong></span> <span class='ocrx_word' id='word_1_21' title='bbox 137 858 234 921; x_wconf 81' lang='lat' dir='ltr'><strong>nequid</strong></span> <span class='ocrx_word' id='word_1_22' title='bbox 248 868 327 908; x_wconf 77' lang='lat' dir='ltr'><strong>oontn</strong></span> <span class='ocrx_word' id='word_1_23' title='bbox 337 861 484 909; x_wconf 81' lang='lat' dir='ltr'><strong>oommodum</strong></span> <span class='ocrx_word' id='word_1_24' title='bbox 496 875 563 908; x_wconf 86' lang='lat' dir='ltr'><strong>tuum</strong></span> <span class='ocrx_word' id='word_1_25' title='bbox 574 858 658 907; x_wconf 68' lang='lat' dir='ltr'><strong>mdes:</strong></span> <span class='ocrx_word' id='word_1_26' title='bbox 677 861 724 922; x_wconf 77' lang='lat' dir='ltr'><strong>qnia</strong></span> 
     </span>
     <span class='ocr_line' id='line_1_5' title="bbox 50 922 725 988; baseline 0.003 -19"><span class='ocrx_word' id='word_1_27' title='bbox 50 922 160 986; x_wconf 81' lang='lat' dir='ltr'><strong>pactione</strong></span> <span class='ocrx_word' id='word_1_28' title='bbox 170 922 268 971; x_wconf 77' lang='lat' dir='ltr'><strong>invicem</strong></span> <span class='ocrx_word' id='word_1_29' title='bbox 280 924 339 971; x_wconf 87' lang='lat' dir='ltr'><strong>mihi</strong></span> <span class='ocrx_word' id='word_1_30' title='bbox 350 938 425 972; x_wconf 85' lang='lat' dir='ltr'><strong>ouvso.</strong></span> <span class='ocrx_word' id='word_1_31' title='bbox 457 925 542 988; x_wconf 87' lang='lat' dir='ltr'><strong>Neque</strong></span> <span class='ocrx_word' id='word_1_32' title='bbox 554 923 616 971; x_wconf 90' lang='lat' dir='ltr'><strong>enim</strong></span> <span class='ocrx_word' id='word_1_33' title='bbox 627 939 691 971; x_wconf 85' lang='lat' dir='ltr'><strong>mare</strong></span> <span class='ocrx_word' id='word_1_34' title='bbox 701 933 725 972; x_wconf 84' lang='lat' dir='ltr'><strong>et</strong></span> 
     </span>
     <span class='ocr_line' id='line_1_6' title="bbox 51 987 726 1052; baseline 0.004 -19"><span class='ocrx_word' id='word_1_35' title='bbox 51 987 120 1046; x_wconf 87' lang='lat' dir='ltr'><strong>litus,</strong></span> <span class='ocrx_word' id='word_1_36' title='bbox 131 987 172 1034; x_wconf 86' lang='lat' dir='ltr'><strong>aed</strong></span> <span class='ocrx_word' id='word_1_37' title='bbox 181 995 213 1046; x_wconf 70' lang='lat' dir='ltr'><strong>te,</strong></span> <span class='ocrx_word' id='word_1_38' title='bbox 224 989 307 1047; x_wconf 86' lang='lat' dir='ltr'><strong>otium,</strong></span> <span class='ocrx_word' id='word_1_39' title='bbox 322 987 460 1048; x_wconf 85' lang='lat' dir='ltr'><strong>libertatem,</strong></span> <span class='ocrx_word' id='word_1_40' title='bbox 474 1003 573 1052; x_wconf 77' lang='lat' dir='ltr'><strong>sequor:</strong></span> <span class='ocrx_word' id='word_1_41' title='bbox 591 987 677 1051; x_wconf 84' lang='lat' dir='ltr'><strong>alioqui</strong></span> <span class='ocrx_word' id='word_1_42' title='bbox 688 1005 726 1036; x_wconf 84' lang='lat' dir='ltr'><strong>aa·</strong></span> 
     </span>
     <span class='ocr_line' id='line_1_7' title="bbox 52 1051 725 1116; baseline 0.004 -19"><span class='ocrx_word' id='word_1_43' title='bbox 52 1051 102 1097; x_wconf 88' lang='lat' dir='ltr'><strong>tius</strong></span> <span class='ocrx_word' id='word_1_44' title='bbox 113 1059 147 1098; x_wconf 88' lang='lat' dir='ltr'><strong>est</strong></span> <span class='ocrx_word' id='word_1_45' title='bbox 160 1051 185 1098; x_wconf 90' lang='lat' dir='ltr'><strong>in</strong></span> <span class='ocrx_word' id='word_1_46' title='bbox 196 1052 259 1100; x_wconf 83' lang='lat' dir='ltr'>Urbe</span> <span class='ocrx_word' id='word_1_47' title='bbox 273 1066 397 1100; x_wconf 88' lang='lat' dir='ltr'><strong>remanere.</strong></span> <span class='ocrx_word' id='word_1_48' title='bbox 415 1053 514 1116; x_wconf 86' lang='lat' dir='ltr'><strong>Oportet</strong></span> <span class='ocrx_word' id='word_1_49' title='bbox 523 1053 585 1100; x_wconf 87' lang='lat' dir='ltr'><strong>enirn</strong></span> <span class='ocrx_word' id='word_1_50' title='bbox 596 1053 674 1100; x_wconf 90' lang='lat' dir='ltr'><strong>omnia</strong></span> <span class='ocrx_word' id='word_1_51' title='bbox 684 1061 725 1100; x_wconf 87' lang='lat' dir='ltr'><strong>aut</strong></span> 
     </span>
     <span class='ocr_line' id='line_1_8' title="bbox 52 1115 725 1175; baseline 0.003 -13"><span class='ocrx_word' id='word_1_52' title='bbox 52 1115 86 1162; x_wconf 82' lang='lat' dir='ltr'><strong>od</strong></span> <span class='ocrx_word' id='word_1_53' title='bbox 95 1115 199 1162; x_wconf 85' lang='lat' dir='ltr'><strong>alienum</strong></span> <span class='ocrx_word' id='word_1_54' title='bbox 207 1116 337 1175; x_wconf 74' lang='lat' dir='ltr'><strong>arbitrium,</strong></span> <span class='ocrx_word' id='word_1_55' title='bbox 346 1116 423 1164; x_wconf 82' lang='lat' dir='ltr'><strong>autad</strong></span> <span class='ocrx_word' id='word_1_56' title='bbox 434 1133 502 1164; x_wconf 91' lang='lat' dir='ltr'><strong>suum</strong></span> <span class='ocrx_word' id='word_1_57' title='bbox 511 1117 584 1164; x_wconf 82' lang='lat' dir='ltr'><strong>faeere</strong></span> <span class='ocrx_word' id='word_1_58' title='bbox 594 1133 600 1163; x_wconf 75' lang='grc' dir='ltr'><strong>ε</strong></span> <span class='ocrx_word' id='word_1_59' title='bbox 613 1117 659 1165; x_wconf 92' lang='lat' dir='ltr'><strong>mei</strong></span> <span class='ocrx_word' id='word_1_60' title='bbox 665 1125 725 1164; x_wconf 85' lang='lat' dir='ltr'><strong>certe</strong></span> 
     </span>
     <span class='ocr_line' id='line_1_9' title="bbox 53 1179 725 1240; baseline 0.003 -14"><span class='ocrx_word' id='word_1_61' title='bbox 53 1179 371 1240; x_wconf 72' lang='lat' dir='ltr'><strong>stomachihaecnaturaest,</strong></span> <span class='ocrx_word' id='word_1_62' title='bbox 386 1181 624 1230; x_wconf 85' lang='lat' dir='ltr'><strong>utnibilnisitotum</strong></span> <span class='ocrx_word' id='word_1_63' title='bbox 638 1189 662 1229; x_wconf 91' lang='lat' dir='ltr'><strong>et</strong></span> <span class='ocrx_word' id='word_1_64' title='bbox 675 1197 725 1228; x_wconf 83' lang='lat' dir='ltr'><strong>me-</strong></span> 
     </span>
     <span class='ocr_line' id='line_1_10' title="bbox 53 1244 267 1293; baseline 0.014 -3"><span class='ocrx_word' id='word_1_65' title='bbox 53 1258 109 1290; x_wconf 88' lang='lat' dir='ltr'><strong>rum</strong></span> <span class='ocrx_word' id='word_1_66' title='bbox 120 1244 185 1292; x_wconf 78' lang='lat' dir='ltr'><strong>velit</strong></span> <span class='ocrx_word' id='word_1_67' title='bbox 200 1245 267 1293; x_wconf 86' lang='lat' dir='ltr'><strong>Vale.</strong></span> 
     </span>
    </p>
   </div>
   <div class='ocr_carea' id='block_1_4' title="bbox 179 1439 611 1507">
    <p class='ocr_par' dir='ltr' id='par_1_4' title="bbox 179 1439 611 1507">
     <span class='ocr_line' id='line_1_11' title="bbox 179 1439 611 1507; baseline 0 -21"><span class='ocrx_word' id='word_1_68' title='bbox 179 1439 248 1499; x_wconf 86' lang='grc'><strong>(15.)</strong></span> <span class='ocrx_word' id='word_1_69' title='bbox 265 1442 293 1488; x_wconf 83' lang='lat' dir='ltr'><strong>C.</strong></span> <span class='ocrx_word' id='word_1_70' title='bbox 306 1441 404 1507; x_wconf 70' lang='lat' dir='ltr'><strong>Plinius</strong></span> <span class='ocrx_word' id='word_1_71' title='bbox 414 1441 521 1488; x_wconf 72' lang='lat' dir='ltr'><strong>Bouiano</strong></span> <span class='ocrx_word' id='word_1_72' title='bbox 531 1455 573 1488; x_wconf 82' lang='lat' dir='ltr'><strong>ruo</strong></span> <span class='ocrx_word' id='word_1_73' title='bbox 584 1443 611 1488; x_wconf 83' lang='lat' dir='ltr'><strong>S.</strong></span> 
     </span>
    </p>
   </div>
   <div class='ocr_carea' id='block_1_5' title="bbox 52 1567 783 2579">
    <p class='ocr_par' dir='ltr' id='par_1_5' title="bbox 52 1567 783 2579">
     <span class='ocr_line' id='line_1_12' title="bbox 83 1567 727 1632; baseline 0.002 -17"><span class='ocrx_word' id='word_1_74' title='bbox 83 1567 284 1616; x_wconf 70' lang='lat' dir='ltr'><strong>llirilioereinon</strong></span> <span class='ocrx_word' id='word_1_75' title='bbox 292 1568 427 1616; x_wconf 69' lang='lat' dir='ltr'><strong>interfuistis</strong></span> <span class='ocrx_word' id='word_1_76' title='bbox 436 1584 467 1616; x_wconf 88' lang='lat' dir='ltr'><strong>ne</strong></span> <span class='ocrx_word' id='word_1_77' title='bbox 474 1568 630 1632; x_wconf 68' lang='lat' dir='ltr'><strong>egoquidemt</strong></span> <span class='ocrx_word' id='word_1_78' title='bbox 641 1567 681 1615; x_wconf 85' lang='lat' dir='ltr'><strong>sed</strong></span> <span class='ocrx_word' id='word_1_79' title='bbox 688 1584 727 1617; x_wconf 81' lang='lat' dir='ltr'><strong>me</strong></span> 
     </span>
     <span class='ocr_line' id='line_1_13' title="bbox 54 1630 728 1696; baseline 0 -16"><span class='ocrx_word' id='word_1_80' title='bbox 54 1647 136 1680; x_wconf 83' lang='lat' dir='ltr'><strong>reeens</strong></span> <span class='ocrx_word' id='word_1_81' title='bbox 145 1630 225 1679; x_wconf 83' lang='lat' dir='ltr'><strong>fabula</strong></span> <span class='ocrx_word' id='word_1_82' title='bbox 232 1635 328 1696; x_wconf 79' lang='lat' dir='ltr'><strong>exoepit.</strong></span> <span class='ocrx_word' id='word_1_83' title='bbox 356 1633 478 1680; x_wconf 76' lang='lat' dir='ltr'><strong>Passienus</strong></span> <span class='ocrx_word' id='word_1_84' title='bbox 487 1633 583 1692; x_wconf 89' lang='lat' dir='ltr'><strong>Paulus,</strong></span> <span class='ocrx_word' id='word_1_85' title='bbox 595 1631 728 1694; x_wconf 82' lang='lat' dir='ltr'><strong>splendidus</strong></span> 
     </span>
     <span class='ocr_line' id='line_1_14' title="bbox 52 1695 727 1760; baseline -0.004 -16"><span class='ocrx_word' id='word_1_86' title='bbox 52 1711 128 1759; x_wconf 84' lang='lat' dir='ltr'><strong>eques</strong></span> <span class='ocrx_word' id='word_1_87' title='bbox 140 1696 270 1756; x_wconf 85' lang='lat' dir='ltr'><strong>Romanus,</strong></span> <span class='ocrx_word' id='word_1_88' title='bbox 281 1707 304 1745; x_wconf 87' lang='lat' dir='ltr'><strong>et</strong></span> <span class='ocrx_word' id='word_1_89' title='bbox 314 1697 428 1760; x_wconf 80' lang='lat' dir='ltr'><strong>imprimis</strong></span> <span class='ocrx_word' id='word_1_90' title='bbox 439 1696 550 1753; x_wconf 87' lang='lat' dir='ltr'><strong>eruditus,</strong></span> <span class='ocrx_word' id='word_1_91' title='bbox 561 1695 638 1742; x_wconf 78' lang='lat' dir='ltr'><strong>scribit</strong></span> <span class='ocrx_word' id='word_1_92' title='bbox 646 1695 727 1756; x_wconf 79' lang='lat' dir='ltr'><strong>elegos.</strong></span> 
     </span>
     <span class='ocr_line' id='line_1_15' title="bbox 54 1758 727 1822; baseline -0.006 -14"><span class='ocrx_word' id='word_1_93' title='bbox 54 1759 212 1808; x_wconf 75' lang='lat' dir='ltr'><strong>Gentilicium</strong></span> <span class='ocrx_word' id='word_1_94' title='bbox 222 1761 267 1808; x_wconf 88' lang='lat' dir='ltr'><strong>hoo</strong></span> <span class='ocrx_word' id='word_1_95' title='bbox 277 1761 318 1808; x_wconf 89' lang='lat' dir='ltr'><strong>illi.</strong></span> <span class='ocrx_word' id='word_1_96' title='bbox 345 1762 390 1808; x_wconf 83' lang='lat' dir='ltr'><strong>Est</strong></span> <span class='ocrx_word' id='word_1_97' title='bbox 400 1760 463 1808; x_wconf 86' lang='lat' dir='ltr'><strong>enim</strong></span> <span class='ocrx_word' id='word_1_98' title='bbox 474 1760 594 1822; x_wconf 88' lang='lat' dir='ltr'><strong>munioeps</strong></span> <span class='ocrx_word' id='word_1_99' title='bbox 605 1758 727 1820; x_wconf 79' lang='lat' dir='ltr'><strong>Propertii,</strong></span> 
     </span>
     <span class='ocr_line' id='line_1_16' title="bbox 53 1823 731 1888; baseline -0.007 -15"><span class='ocrx_word' id='word_1_100' title='bbox 53 1834 130 1887; x_wconf 85' lang='lat' dir='ltr'><strong>atque</strong></span> <span class='ocrx_word' id='word_1_101' title='bbox 140 1824 209 1873; x_wconf 81' lang='lat' dir='ltr'><strong>etiam</strong></span> <span class='ocrx_word' id='word_1_102' title='bbox 215 1825 275 1873; x_wconf 88' lang='lat' dir='ltr'><strong>inter</strong></span> <span class='ocrx_word' id='word_1_103' title='bbox 284 1827 383 1886; x_wconf 81' lang='lat' dir='ltr'><strong>majores</strong></span> <span class='ocrx_word' id='word_1_104' title='bbox 394 1840 447 1872; x_wconf 89' lang='lat' dir='ltr'><strong>suos</strong></span> <span class='ocrx_word' id='word_1_105' title='bbox 458 1823 606 1888; x_wconf 86' lang='lat' dir='ltr'><strong>Propertium</strong></span> <span class='ocrx_word' id='word_1_106' title='bbox 616 1831 731 1870; x_wconf 85' lang='lat' dir='ltr'><strong>numerat.</strong></span> 
     </span>
     <span class='ocr_line' id='line_1_17' title="bbox 55 1887 729 1952; baseline -0.004 -16"><span class='ocrx_word' id='word_1_107' title='bbox 55 1891 84 1937; x_wconf 91' lang='lat' dir='ltr'><strong>la</strong></span> <span class='ocrx_word' id='word_1_108' title='bbox 90 1903 146 1936; x_wconf 86' lang='lat' dir='ltr'><strong>oum</strong></span> <span class='ocrx_word' id='word_1_109' title='bbox 157 1888 268 1948; x_wconf 69' lang='lat' dir='ltr'><strong>reniteret,</strong></span> <span class='ocrx_word' id='word_1_110' title='bbox 279 1888 313 1936; x_wconf 87' lang='lat' dir='ltr'><strong>ita</strong></span> <span class='ocrx_word' id='word_1_111' title='bbox 323 1889 392 1952; x_wconf 85' lang='lat' dir='ltr'><strong>ooepit</strong></span> <span class='ocrx_word' id='word_1_112' title='bbox 401 1889 482 1936; x_wconf 88' lang='lat' dir='ltr'><strong>dioere.</strong></span> <span class='ocrx_word' id='word_1_113' title='bbox 503 1891 521 1917; x_wconf 87' lang='lat'>“</span> <span class='ocrx_word' id='word_1_114' title='bbox 530 1887 615 1947; x_wconf 86' lang='lat' dir='ltr'><strong>Priaoe,</strong></span> <span class='ocrx_word' id='word_1_115' title='bbox 624 1887 729 1948; x_wconf 80' lang='lat' dir='ltr'><strong>jubes?”</strong></span> 
     </span>
     <span class='ocr_line' id='line_1_18' title="bbox 55 1950 730 2014; baseline -0.006 -12"><span class='ocrx_word' id='word_1_116' title='bbox 55 1953 101 2002; x_wconf 85' lang='lat' dir='ltr'><strong>Ad</strong></span> <span class='ocrx_word' id='word_1_117' title='bbox 111 1953 156 2000; x_wconf 87' lang='lat' dir='ltr'><strong>hoo</strong></span> <span class='ocrx_word' id='word_1_118' title='bbox 170 1953 297 2002; x_wconf 83' lang='lat' dir='ltr'><strong>Jamlenua</strong></span> <span class='ocrx_word' id='word_1_119' title='bbox 312 1954 414 2014; x_wconf 82' lang='lat' dir='ltr'><strong>Priscus,</strong></span> <span class='ocrx_word' id='word_1_120' title='bbox 432 1954 522 2011; x_wconf 84' lang='lat' dir='ltr'><strong>(aderat</strong></span> <span class='ocrx_word' id='word_1_121' title='bbox 535 1951 606 2007; x_wconf 82' lang='lat' dir='ltr'><strong>enim,</strong></span> <span class='ocrx_word' id='word_1_122' title='bbox 618 1959 645 1998; x_wconf 89' lang='lat' dir='ltr'><strong>ut</strong></span> <span class='ocrx_word' id='word_1_123' title='bbox 656 1950 730 1998; x_wconf 86' lang='lat' dir='ltr'><strong>Paulo</strong></span> 
     </span>
     <span class='ocr_line' id='line_1_19' title="bbox 54 2015 730 2081; baseline -0.006 -15"><span class='ocrx_word' id='word_1_124' title='bbox 54 2015 223 2078; x_wconf 82' lang='lat' dir='ltr'><strong>amicissimus)</strong></span> <span class='ocrx_word' id='word_1_125' title='bbox 234 2018 314 2081; x_wconf 79' lang='lat' dir='ltr'><strong>“Ego</strong></span> <span class='ocrx_word' id='word_1_126' title='bbox 328 2033 381 2066; x_wconf 84' lang='lat' dir='ltr'><strong>vero</strong></span> <span class='ocrx_word' id='word_1_127' title='bbox 391 2032 438 2065; x_wconf 89' lang='lat' dir='ltr'><strong>non</strong></span> <span class='ocrx_word' id='word_1_128' title='bbox 451 2017 548 2079; x_wconf 79' lang='lat' dir='ltr'><strong>jubeo.”</strong></span> <span class='ocrx_word' id='word_1_129' title='bbox 580 2016 674 2079; x_wconf 84' lang='lat' dir='ltr'><strong>Cogita,</strong></span> <span class='ocrx_word' id='word_1_130' title='bbox 688 2015 730 2078; x_wconf 88' lang='lat' dir='ltr'><strong>qui</strong></span> 
     </span>
     <span class='ocr_line' id='line_1_20' title="bbox 55 2079 732 2145; baseline -0.006 -15"><span class='ocrx_word' id='word_1_131' title='bbox 55 2081 259 2141; x_wconf 60' lang='lat' dir='ltr'><strong>semihominum,</strong></span> <span class='ocrx_word' id='word_1_132' title='bbox 267 2082 309 2145; x_wconf 90' lang='lat' dir='ltr'><strong>qui</strong></span> <span class='ocrx_word' id='word_1_133' title='bbox 317 2083 371 2142; x_wconf 81' lang='lat' dir='ltr'><strong>joci.</strong></span> <span class='ocrx_word' id='word_1_134' title='bbox 401 2079 732 2130; x_wconf 81' lang='lat' dir='ltr'><strong>EstomninoPriaousdubiae</strong></span> 
     </span>
     <span class='ocr_line' id='line_1_21' title="bbox 55 2145 730 2204; baseline -0.004 -9"><span class='ocrx_word' id='word_1_135' title='bbox 55 2145 178 2195; x_wconf 66' lang='lat' dir='ltr'><strong>mutatis:</strong></span> <span class='ocrx_word' id='word_1_136' title='bbox 195 2145 288 2194; x_wconf 82' lang='lat' dir='ltr'><strong>interest</strong></span> <span class='ocrx_word' id='word_1_137' title='bbox 299 2155 376 2194; x_wconf 85' lang='lat' dir='ltr'><strong>tamen</strong></span> <span class='ocrx_word' id='word_1_138' title='bbox 390 2146 477 2204; x_wconf 83' lang='lat' dir='ltr'><strong>officiis,</strong></span> <span class='ocrx_word' id='word_1_139' title='bbox 489 2145 611 2194; x_wconf 79' lang='lat' dir='ltr'><strong>adhibetur</strong></span> <span class='ocrx_word' id='word_1_140' title='bbox 621 2145 730 2203; x_wconf 82' lang='lat' dir='ltr'><strong>consiliis,</strong></span> 
     </span>
     <span class='ocr_line' id='line_1_22' title="bbox 56 2209 731 2274; baseline -0.003 -16"><span class='ocrx_word' id='word_1_141' title='bbox 56 2220 132 2273; x_wconf 80' lang='lat' dir='ltr'><strong>atque</strong></span> <span class='ocrx_word' id='word_1_142' title='bbox 142 2209 212 2257; x_wconf 81' lang='lat' dir='ltr'><strong>etium</strong></span> <span class='ocrx_word' id='word_1_143' title='bbox 218 2211 257 2271; x_wconf 74' lang='lat' dir='ltr'><strong>Jus</strong></span> <span class='ocrx_word' id='word_1_144' title='bbox 267 2210 333 2259; x_wconf 83' lang='lat' dir='ltr'><strong>civile</strong></span> <span class='ocrx_word' id='word_1_145' title='bbox 340 2211 432 2274; x_wconf 87' lang='lat' dir='ltr'><strong>publice</strong></span> <span class='ocrx_word' id='word_1_146' title='bbox 439 2209 573 2272; x_wconf 79' lang='lat' dir='ltr'><strong>respondet:</strong></span> <span class='ocrx_word' id='word_1_147' title='bbox 591 2225 638 2272; x_wconf 91' lang='lat' dir='ltr'><strong>quo</strong></span> <span class='ocrx_word' id='word_1_148' title='bbox 648 2209 731 2270; x_wconf 75' lang='lat' dir='ltr'><strong>magis,</strong></span> 
     </span>
     <span class='ocr_line' id='line_1_23' title="bbox 57 2273 783 2338; baseline -0.004 -16"><span class='ocrx_word' id='word_1_149' title='bbox 57 2274 124 2338; x_wconf 87' lang='lat' dir='ltr'><strong>quod</strong></span> <span class='ocrx_word' id='word_1_150' title='bbox 136 2282 192 2321; x_wconf 88' lang='lat' dir='ltr'><strong>tunc</strong></span> <span class='ocrx_word' id='word_1_151' title='bbox 201 2273 264 2328; x_wconf 80' lang='lat' dir='ltr'><strong>iecit,</strong></span> <span class='ocrx_word' id='word_1_152' title='bbox 276 2283 298 2322; x_wconf 88' lang='lat' dir='ltr'><strong>et</strong></span> <span class='ocrx_word' id='word_1_153' title='bbox 309 2275 432 2322; x_wconf 87' lang='lat' dir='ltr'><strong>ridiculum</strong></span> <span class='ocrx_word' id='word_1_154' title='bbox 442 2283 466 2321; x_wconf 88' lang='lat' dir='ltr'><strong>et</strong></span> <span class='ocrx_word' id='word_1_155' title='bbox 474 2274 576 2322; x_wconf 82' lang='lat' dir='ltr'><strong>notabile</strong></span> <span class='ocrx_word' id='word_1_156' title='bbox 581 2274 633 2321; x_wconf 82' lang='lat' dir='ltr'><strong>fuit.</strong></span> <span class='ocrx_word' id='word_1_157' title='bbox 667 2274 730 2320; x_wconf 83' lang='lat' dir='ltr'><strong>Inte·</strong></span> <span class='ocrx_word' id='word_1_158' title='bbox 776 2275 783 2289; x_wconf 71' lang='lat'>⁸</span> 
     </span>
     <span class='ocr_line' id='line_1_24' title="bbox 57 2337 732 2401; baseline -0.006 -14"><span class='ocrx_word' id='word_1_159' title='bbox 57 2341 106 2387; x_wconf 90' lang='lat' dir='ltr'><strong>rim</strong></span> <span class='ocrx_word' id='word_1_160' title='bbox 128 2337 204 2385; x_wconf 85' lang='lat' dir='ltr'><strong>Paulo</strong></span> <span class='ocrx_word' id='word_1_161' title='bbox 220 2339 296 2385; x_wconf 87' lang='lat' dir='ltr'><strong>aliena</strong></span> <span class='ocrx_word' id='word_1_162' title='bbox 314 2338 418 2386; x_wconf 85' lang='lat' dir='ltr'><strong>deliratio</strong></span> <span class='ocrx_word' id='word_1_163' title='bbox 433 2338 579 2401; x_wconf 85' lang='lat' dir='ltr'><strong>aliquantum</strong></span> <span class='ocrx_word' id='word_1_164' title='bbox 590 2337 681 2400; x_wconf 85' lang='lat' dir='ltr'><strong>frigoris</strong></span> <span class='ocrx_word' id='word_1_165' title='bbox 697 2350 732 2384; x_wconf 84' lang='lat' dir='ltr'><strong>at-</strong></span> 
     </span>
     <span class='ocr_line' id='line_1_25' title="bbox 56 2401 730 2466; baseline -0.006 -16"><span class='ocrx_word' id='word_1_166' title='bbox 56 2403 122 2450; x_wconf 80' lang='lat' dir='ltr'><strong>tulit.</strong></span> <span class='ocrx_word' id='word_1_167' title='bbox 140 2402 202 2450; x_wconf 82' lang='lat' dir='ltr'><strong>&#39;Pam</strong></span> <span class='ocrx_word' id='word_1_168' title='bbox 214 2403 309 2450; x_wconf 83' lang='lat' dir='ltr'><strong>sollicite</strong></span> <span class='ocrx_word' id='word_1_169' title='bbox 320 2403 446 2450; x_wconf 67' lang='lat' dir='ltr'><strong>moraturis</strong></span> <span class='ocrx_word' id='word_1_170' title='bbox 456 2401 622 2466; x_wconf 84' lang='lat' dir='ltr'><strong>providendum</strong></span> <span class='ocrx_word' id='word_1_171' title='bbox 634 2410 676 2457; x_wconf 75' lang='lat' dir='ltr'><strong>est,</strong></span> <span class='ocrx_word' id='word_1_172' title='bbox 685 2415 730 2446; x_wconf 89' lang='lat' dir='ltr'><strong>non</strong></span> 
     </span>
     <span class='ocr_line' id='line_1_26' title="bbox 56 2464 730 2579; baseline -0.006 -64"><span class='ocrx_word' id='word_1_173' title='bbox 56 2467 138 2516; x_wconf 83' lang='lat' dir='ltr'><strong>solnm</strong></span> <span class='ocrx_word' id='word_1_174' title='bbox 153 2467 239 2579; x_wconf 57' lang='grc' dir='ltr'><strong>Ἧι</strong></span> <span class='ocrx_word' id='word_1_175' title='bbox 248 2466 294 2531; x_wconf 89' lang='lat' dir='ltr'><strong>ipsi</strong></span> <span class='ocrx_word' id='word_1_176' title='bbox 301 2467 360 2526; x_wconf 81' lang='lat' dir='ltr'><strong>soni,</strong></span> <span class='ocrx_word' id='word_1_177' title='bbox 371 2482 451 2515; x_wconf 87' lang='lat' dir='ltr'><strong>verum</strong></span> <span class='ocrx_word' id='word_1_178' title='bbox 465 2466 535 2514; x_wconf 87' lang='lat' dir='ltr'><strong>etiam</strong></span> <span class='ocrx_word' id='word_1_179' title='bbox 549 2474 576 2514; x_wconf 90' lang='lat' dir='ltr'><strong>ut</strong></span> <span class='ocrx_word' id='word_1_180' title='bbox 589 2480 655 2514; x_wconf 84' lang='lat' dir='ltr'><strong>sanos</strong></span> <span class='ocrx_word' id='word_1_181' title='bbox 665 2464 730 2513; x_wconf 74' lang='lat' dir='ltr'><strong>mhi·-</strong></span> 
     </span>
    </p>
   </div>
   <div class='ocr_carea' id='block_1_6' title="bbox 199 2723 611 2788">
    <p class='ocr_par' dir='ltr' id='par_1_6' title="bbox 199 2723 611 2788">
     <span class='ocr_line' id='line_1_27' title="bbox 199 2723 611 2788; baseline -0.005 -17"><span class='ocrx_word' id='word_1_182' title='bbox 199 2723 268 2788; x_wconf 85' lang='grc'><strong>(16.)</strong></span> <span class='ocrx_word' id='word_1_183' title='bbox 288 2727 317 2774; x_wconf 80' lang='lat' dir='ltr'><strong>C.</strong></span> <span class='ocrx_word' id='word_1_184' title='bbox 329 2726 426 2772; x_wconf 80' lang='lat' dir='ltr'><strong>Plinius</strong></span> <span class='ocrx_word' id='word_1_185' title='bbox 441 2727 611 2773; x_wconf 69' lang='lat' dir='ltr'><strong>Tartareos.</strong></span> 
     </span>
    </p>
   </div>
   <div class='ocr_carea' id='block_1_7' title="bbox 59 2852 771 3050">
    <p class='ocr_par' dir='ltr' id='par_1_7' title="bbox 59 2852 771 3050">
     <span class='ocr_line' id='line_1_28' title="bbox 97 2852 739 2913; baseline -0.008 -13"><span class='ocrx_word' id='word_1_186' title='bbox 97 2853 171 2911; x_wconf 82' lang='lat' dir='ltr'><strong>Petis,</strong></span> <span class='ocrx_word' id='word_1_187' title='bbox 189 2862 216 2898; x_wconf 91' lang='lat' dir='ltr'><strong>ut</strong></span> <span class='ocrx_word' id='word_1_188' title='bbox 230 2853 272 2901; x_wconf 87' lang='lat' dir='ltr'><strong>tibi</strong></span> <span class='ocrx_word' id='word_1_189' title='bbox 284 2852 393 2901; x_wconf 85' lang='lat' dir='ltr'><strong>avunculi</strong></span> <span class='ocrx_word' id='word_1_190' title='bbox 408 2853 455 2900; x_wconf 87' lang='lat' dir='ltr'><strong>mei</strong></span> <span class='ocrx_word' id='word_1_191' title='bbox 468 2854 558 2900; x_wconf 81' lang='lat' dir='ltr'><strong>exitum</strong></span> <span class='ocrx_word' id='word_1_192' title='bbox 568 2853 678 2908; x_wconf 60' lang='lat' dir='ltr'><strong>scribam„</strong></span> <span class='ocrx_word' id='word_1_193' title='bbox 690 2865 739 2913; x_wconf 64' lang='lat' dir='ltr'><strong>quo</strong></span> 
     </span>
     <span class='ocr_line' id='line_1_29' title="bbox 62 2914 754 2982; baseline -0.012 -16"><span class='ocrx_word' id='word_1_194' title='bbox 62 2918 142 2966; x_wconf 87' lang='lat' dir='ltr'><strong>verius</strong></span> <span class='ocrx_word' id='word_1_195' title='bbox 150 2915 238 2964; x_wconf 82' lang='lat' dir='ltr'><strong>tradere</strong></span> <span class='ocrx_word' id='word_1_196' title='bbox 244 2918 341 2979; x_wconf 83' lang='lat' dir='ltr'><strong>posteris</strong></span> <span class='ocrx_word' id='word_1_197' title='bbox 350 2917 432 2981; x_wconf 82' lang='lat' dir='ltr'><strong>possis.</strong></span> <span class='ocrx_word' id='word_1_198' title='bbox 466 2918 563 2968; x_wconf 68' lang='lat' dir='ltr'><strong>Gratias</strong></span> <span class='ocrx_word' id='word_1_199' title='bbox 573 2933 636 2982; x_wconf 66' lang='lat' dir='ltr'><strong>agor</strong></span> <span class='ocrx_word' id='word_1_200' title='bbox 651 2914 754 2964; x_wconf 68' lang='lat' dir='ltr'><strong>narrisi-</strong></span> 
     </span>
     <span class='ocr_line' id='line_1_30' title="bbox 59 2977 771 3050; baseline -0.006 -17"><span class='ocrx_word' id='word_1_201' title='bbox 59 2984 109 3040; x_wconf 76' lang='lat' dir='ltr'><strong>dw,</strong></span> <span class='ocrx_word' id='word_1_202' title='bbox 121 2980 195 3027; x_wconf 74' lang='lat' dir='ltr'><strong>motti</strong></span> <span class='ocrx_word' id='word_1_203' title='bbox 203 2983 260 3042; x_wconf 78' lang='lat' dir='ltr'><strong>ejus,</strong></span> <span class='ocrx_word' id='word_1_204' title='bbox 277 2984 298 3031; x_wconf 85' lang='lat' dir='ltr'><strong>si</strong></span> <span class='ocrx_word' id='word_1_205' title='bbox 308 2983 441 3036; x_wconf 81' lang='lat' dir='ltr'><strong>celebretur</strong></span> <span class='ocrx_word' id='word_1_206' title='bbox 453 3004 468 3036; x_wconf 86' lang='lat' dir='ltr'><strong>a</strong></span> <span class='ocrx_word' id='word_1_207' title='bbox 482 2996 520 3050; x_wconf 84' lang='lat' dir='ltr'><strong>te,</strong></span> <span class='ocrx_word' id='word_1_208' title='bbox 531 2982 704 3036; x_wconf 69' lang='lat' dir='ltr'><strong>inmortalem</strong></span> <span class='ocrx_word' id='word_1_209' title='bbox 715 2977 771 3040; x_wconf 58' lang='lat' dir='ltr'><strong>gno·</strong></span> 
     </span>
    </p>
   </div>
   <div class='ocr_carea' id='block_1_8' title="bbox 0 0 878 3344">
    <p class='ocr_par' dir='ltr' id='par_1_8' title="bbox 0 0 878 3344">
     <span class='ocr_line' id='line_1_31' title="bbox 0 0 878 3344; baseline 0 0"><span class='ocrx_word' id='word_1_210' title='bbox 0 0 878 3344; x_wconf 95' lang='lat' dir='ltr'><strong> </strong></span> 
     </span>
    </p>
   </div>
  </div>
 </body>
</html>
