1718 3344
225 464 338 521 ruem
355 463 463 514 EPIST.
480 465 525 514 VI.
543 463 581 513 12.
613 464 616 471 '
691 466 737 514 145

183 663 194 724 (
204 658 260 720 11.)
272 661 300 707 C.
314 661 412 707 Plinius
423 662 535 708 Maximo
546 673 588 705 ruo
599 663 625 706 S.

100 790 126 839 Ο
145 789 207 837 diem
223 789 319 836 loetum
340 788 457 836 adhibitus
472 788 498 834 in
513 789 634 837 consilium
650 805 665 836 e
681 805 738 852 prae-

63 855 129 902 festo
137 853 217 911 Urbis,
228 853 315 911 audivi,
326 868 356 901 ex
363 853 452 900 diverso
460 861 561 915 agentes,
573 867 671 901 summae
681 855 738 916 spei,

65 933 168 966 summae
178 917 270 976 indolis,
279 918 375 978 juvenes
385 917 452 976 duos,
464 917 568 965 Fuscum
578 917 738 976 Salinatorem,

66 992 92 1030 et
103 982 128 1028 N
130 981 245 1029 umidium
252 981 417 1040 Quadratum
429 981 545 1043 egregium
556 997 607 1044 par,
619 997 660 1030 nec
670 981 740 1029 modo

66 1047 212 1109 temporibus
225 1045 316 1103 uostris,
333 1044 374 1093 sed
388 1044 459 1092 literis
475 1045 539 1108 ipsis,
556 1055 690 1094 ornamento
700 1046 738 1094 fu-

67 1119 157 1158 turum.
185 1109 251 1157 Mire
267 1109 359 1172 utrique
378 1109 478 1172 probitas
498 1110 637 1173 (constantii
654 1109 738 1172 salvo),

67 1175 165 1222 deumne
185 1173 288 1231 habitus,
309 1188 334 1221 os
353 1173 475 1233 Latinum,
498 1189 543 1221 vox
565 1174 645 1231 vin'lis,
667 1183 737 1222 tenax

67 1239 190 1297 memorie,
212 1252 324 1301 magnum
350 1237 477 1300 ingenium,
498 1237 611 1298 judicium
633 1240 738 1303 aequele3

66 1318 124 1366 qun
139 1302 231 1365 ringula
248 1301 308 1349 rnihi
325 1302 439 1376 voluptati
456 1302 567 1359 fuerunt3
585 1311 668 1366 etque,
679 1303 739 1350 inter

68 1367 128 1425 hoe,
145 1366 214 1424 illud,
233 1365 296 1429 quod
310 1374 334 1414 et
348 1365 393 1428 iper
405 1381 453 1425 me,
469 1374 497 1413 ut
512 1374 629 1422 restorem,
643 1375 671 1414 ut
686 1381 738 1414 ms-

66 1431 177 1494 gistrum,
198 1430 363 1487 inurebantun
387 1438 411 1477 et
431 1431 459 1478 iis
480 1430 521 1494 qui
542 1431 673 1491 audiebant,
701 1446 739 1479 me

65 1495 183 1553 aemduri,
194 1495 252 1542 meis
262 1495 346 1543 instare
355 1494 464 1556 vestigiis,
475 1495 619 1543 videbantur.
636 1495 661 1543 0
671 1495 735 1543 diem

67 1561 186 1622 (repetorn
195 1557 269 1620 errim)
280 1559 371 1617 lenum,
378 1559 552 1622 notandumque
559 1560 619 1607 rnihi
625 1559 739 1607 sordidis·

67 1623 244 1673 sinroodmlol
270 1623 336 1682 Quid
346 1621 409 1670 enim
419 1631 460 1670 eut
485 1623 561 1670 ublioe
570 1623 655 1679 letius,
665 1638 737 1686 quem

67 1687 207 1736 elerheimos
219 1689 315 1748 juvares
330 1701 414 1734 nomen
427 1696 450 1742 et
464 1639 552 1734 itimsm
563 1701 592 1734 ex
602 1686 684 1734 studiis
698 1702 739 1749 pe·

67 1754 138 1801 tere?
153 1760 195 1799 eut
209 1751 268 1799 mihi
282 1751 392 1815 optatius,
403 1766 523 1814 quemme
533 1750 563 1796 sd
573 1749 739 1797 reostende·-

66 1817 141 1874 tibue‚
163 1816 230 1879 quusi
254 1815 380 1878 exauplnr,
402 1830 450 1863 esse
471 1814 635 1877 propositum?
668 1813 739 1872 Quod

66 1880 183 1943 gaudium
193 1888 220 1927 ut
229 1888 339 1944 perpetuo
349 1879 447 1942 capiam,
458 1879 522 1926 Deos
535 1893 589 1926 oro:
608 1879 638 1924 eb
648 1877 737 1933 iisdem,

65 1953 129 1992 teste
138 1952 170 2003 te,
182 1952 244 2007 peto,
255 1952 283 1991 ut
292 1959 381 2002 omnes,
399 1943 440 2007 qui
455 1958 494 1991 me
506 1942 592 1990 imitari
601 1941 660 1990 tenti
670 1951 739 2005 pute·

67 2010 138 2069 bunt,
150 2007 255 2057 meliores
266 2023 391 2070 essequam
403 2022 451 2067 me,
463 2007 540 2054 velint
558 2006 625 2054 Vale.

129 2205 140 2264 (
153 2203 202 2263 12)
220 2206 249 2252 C.
261 2205 360 2252 Plinius
369 2204 467 2261 Fabato,
475 2217 597 2265 prosocero
607 2217 657 2260 ruo,
669 2201 692 2249 S.

104 2333 146 2381 Tu
159 2347 213 2381 vero
226 2347 272 2381 uon
289 2333 357 2382 debes
371 2331 482 2396 suspensi
496 2346 568 2380 menu
582 2330 742 2380 oommendsre

69 2397 140 2456 milri,
157 2412 215 2461 quos
231 2397 327 2446 tuendos
343 2405 418 2460 putus.
447 2396 512 2444 Nam
522 2405 545 2444 et
555 2404 579 2444 te
588 2395 652 2444 decet
661 2395 742 2442 multis

69 2461 187 2526 prodesse,
204 2460 522 2525 etmesueoiperequidquid
536 2461 567 2507 sd
582 2475 662 2507 curem
677 2467 742 2507 tuem

69 2527 178 2590 pertinet.
195 2527 279 2589 Itaque
289 2525 371 2574 Vectio
385 2525 472 2582 Prisco,
489 2533 604 2589 quantum
630 2524 743 2572 lurimum

70 2598 180 2654 pomero,
190 2593 312 2654 prestabo,
323 2590 449 2653 presertim
459 2591 483 2637 in
495 2589 564 2637 areni
574 2603 599 2635 m
647 2588 691 2636 hoc
701 2597 743 2641 est,

70 2654 136 2719 apud
150 2656 311 2703 centumviros.
336 2653 504 2717 Epistularum,
515 2669 573 2716 quus
583 2652 641 2699 mihi
652 2655 690 2704 (ut
700 2650 744 2710 ais)

72 2727 153 2783 operto
163 2727 255 2782 pectore
269 2719 386 2782 scripsisti,
402 2717 504 2765 oblivisci
515 2733 553 2765 me
561 2718 645 2778 jubes:
663 2725 687 2762 at
703 2730 745 2778 ego

72 2783 193 2831 nullarum
209 2783 320 2832 libentius
332 2782 436 2830 memini.
462 2783 501 2830 Ex
512 2783 557 2829 illis
567 2779 629 2830 enim
641 2781 676 2827 vel
687 2795 746 2843 prae-

75 2848 144 2922 cipue
156 2848 238 2907 sentio,
250 2857 338 2911 quanto
354 2860 422 2909 opere
437 2862 475 2894 me
491 2847 582 2921 diligas,
599 2859 653 2894 cum
663 2845 696 2891 sic
705 2860 748 2918 'eu'¹

73 2908 782 3044 ffihaecoeniinhijiiiusgziiffiscffiigsffgugiissgm

600 3057 617 3088 o
