1718 3344
195 115 306 167 PlilNll
329 116 435 164 EPIST.
453 117 513 163 Vll.
528 120 566 163 31.
683 119 725 164 191

62 258 128 290 men.
145 245 209 292 Nam
220 255 243 320 et
253 246 326 293 scribo
333 246 420 320 aliquid
431 254 453 293 et
462 246 528 307 lego:
546 244 594 319 sed,
606 259 659 292 cum
667 246 728 319 lego,

62 324 95 420 tf
102 317 378 423 ffiifflissl
389 325 467 432 iili,
478 309 731 436 &diffidi

61 436 152 484 ultione
163 436 274 491 Helvidii,
289 438 385 486 orationi
396 437 559 485 Demosthenis
575 454 634 482 κατα
645 435 729 482 Matina

62 500 168 556 confesse
184 516 256 564 quam
268 516 331 561 sane,
345 518 399 550 cum
414 516 573 564 componerem
587 499 647 558 illos,
658 498 729 547 habui

62 564 89 611 in
100 565 216 626 manibus,
229 580 278 614 non
286 574 319 619 ,ut
330 567 451 615 semulnrer
462 567 606 629 (improbum
621 562 692 622 enim,
703 579 731 611 ae

62 642 132 692 paeue
147 628 281 688 furiosum),
300 631 340 678 sed
354 639 431 678 tamen
449 629 551 677 imitarer
572 636 595 676 et
615 643 729 692 sequerer,

63 701 181 756 quantum
194 702 235 743 aut
248 694 366 742 diversitas
377 693 531 756 ingeniorum,
542 693 640 740 maximi
653 701 676 740 et
686 692 730 740 mi-

63 756 132 815 nimi,
144 766 184 806 sut
191 773 265 806 causae
275 757 442 815 dissimilitudo,
452 765 575 822 pateretur.
591 757 660 808 Vale.

178 949 250 1016 (31.)
266 952 294 1000 C·
306 953 404 1001 Plinius
416 952 521 1001 Comitio
531 963 572 998 tuo
583 952 611 1000 S.

98 1078 210 1128 Claudius
227 1079 302 1128 Pullis
312 1079 384 1128 smsri
400 1096 415 1128 a
429 1088 452 1129 te
470 1079 541 1143 cupit
567 1078 674 1143 Dignum
687 1079 732 1128 hoe

63 1142 733 1272 {ffifflfflffifflffigiiffi

63 1272 153 1336 alioqui
160 1283 243 1332 rectus,
251 1273 347 1336 integer,
354 1273 454 1336 quietus,
462 1288 488 1321 ae
496 1287 560 1335 pune
568 1272 628 1319 ultra
635 1272 731 1321 modum

68 1337 101 1402 (si
118 1337 170 1399 quis
186 1346 263 1385 tamen
279 1339 340 1386 ultra
355 1335 464 1397 modum)
480 1335 627 1384 verecundus.
650 1334 730 1394 Hunc,

64 1417 121 1451 eum
129 1401 199 1448 simul
209 1402 367 1458 militaremus,
378 1415 425 1448 nou
433 1401 509 1449 solum
521 1408 548 1447 ut
558 1399 682 1448 commilito
696 1400 732 1447 in·

64 1465 140 1530 spesi.
158 1466 258 1514 Praeerst
271 1467 314 1514 ala
326 1465 454 1513 milliariis.
472 1480 523 1527 ego,
536 1465 613 1525 jussus
627 1479 642 1511 s
656 1464 732 1527 legato

65 1529 181 1580 usnsulsri
194 1530 292 1578 rationes
305 1529 395 1578 alarum
407 1537 431 1577 et
444 1529 571 1577 eohortium
582 1537 695 1587 excutere,
705 1536 733 1575 ut

63 1609 177 1657 magnam
184 1594 336 1657 quorumdam
344 1593 474 1657 foedamqus
489 1593 616 1652 svssitiam,
627 1601 650 1641 et
659 1586 733 1656 negli-

65 1658 170 1722 gentiam
179 1674 267 1733 pareni,
273 1659 307 1706 ita
313 1658 384 1719 hujus
394 1673 509 1709 summam
517 1657 678 1720 integritatem,
685 1657 732 1705 sol·

65 1723 155 1770 licitam
162 1722 313 1786 diligentiam,
323 1722 407 1770 inveni.
425 1723 506 1783 Postea
516 1731 633 1786 promotus
641 1721 671 1770 ad
681 1737 734 1769 am·

65 1786 181 1863 plissimns
186 1787 362 1849 procurationes,
373 1787 439 1835 nulli
449 1787 563 1836 oesasione
573 1796 691 1850 corruptus
702 1788 733 1834 ab

65 1851 137 1898 insito
147 1851 289 1899 abstinentia
301 1851 498 1906 anwredeflexits
515 1865 637 1914 nunquam
651 1865 733 1898 secun-

67 1915 104 1962 dis
121 1916 189 1962 rebus
203 1915 330 1971 intumuit3
347 1930 468 1990 uunquam
482 1915 608 1963 officiorum
625 1915 733 1962 varietate

66 1979 201 2028 eoudnuam
211 1979 308 2029 laudem
316 1979 466 2029 humanitatis
479 1979 589 2042 nfngin
606 1978 734 2042 eidemque

67 2043 178 2092 limitata
192 2043 266 2091 animi
278 2044 396 2099 lebetibus
412 2044 507 2101 suffecit,
523 2043 571 2107 qui
583 2057 645 2092 nuuc
659 2043 733 2092 otium

67 2107 170 2223 mun-
186 2107 257 2168 Quod
274 2108 368 2171 quidem
385 2109 501 2172 paulisper
516 2123 570 2157 sum
588 2106 673 2170 magui
691 2106 734 2155 sui

148 2172 270 2221 iutenmsit
280 2181 303 2221 et
313 2172 398 2236 possuit,
411 2172 535 2222 scutellis
544 2180 662 2221 nosuoex
675 2169 734 2220 libe·

66 2235 159 2285 sslitste
177 2237 324 2301 Imperatosis
341 2237 425 2286 Nerva
441 2237 542 2286 emendis
562 2235 735 2299 dividendisque

68 2300 132 2364 agris
142 2300 234 2363 adjutor
244 2309 368 2350 assumtus.
386 2301 481 2350 Etenim
492 2300 539 2365 qui
553 2300 626 2363 gloriis
636 2300 734 2362 dignum

68 2374 112 2424 est,
120 2380 213 2413 summo
218 2365 275 2426 viro,
286 2366 311 2413 in
319 2365 386 2415 tanti
392 2365 490 2429 eligendi
496 2365 611 2424 facultate,
621 2363 735 2438 prasinus

68 2429 200 2492 placuisse?
223 2428 292 2478 Idem
308 2445 380 2492 quam
395 2437 527 2483 reverenter,
549 2444 620 2505 quam
637 2427 735 2475 fideliter

66 2494 153 2541 uniens
164 2493 231 2553 eolat,
239 2494 368 2542 multorum
376 2493 592 2556 supremisjudissis,
600 2490 736 2539 inhisMu-

68 2556 129 2606 senii
144 2557 219 2614 Bassi.
237 2557 364 2622 gravissimi
385 2557 449 2618 civis,
467 2557 561 2608 modste
578 2564 658 2635 uates,
675 2553 749 2612 mins

66 2621 762 2692 mmousmsmgrstipmdintinnepmmnatemw
