1718 3344
196 495 309 545 PLINII
331 494 584 546 PANEGYRIGUS.
600 495 640 543 68.
705 495 754 543 368

86 622 756 752 ttnttfflttdntdttirtum

86 754 124 800 nit
134 755 177 801 sub
184 754 246 801 mulo
255 754 360 817 Principe
369 755 435 802 aliter
445 752 534 802 vixisse.
551 753 693 828 Nuneupare
701 761 755 799 vom

87 826 111 866 et
121 833 164 881 pro
174 818 298 865 aeternitate
308 818 407 881 imperii,
423 826 447 866 et
460 832 504 880 pro
519 817 592 864 salute
602 817 695 875 nimum,
710 815 757 862 im-

87 896 129 930 mo
138 897 181 945 pro
191 882 264 930 solute
280 882 424 946 Principum,
439 897 465 930 st
475 889 567 944 propter
577 881 628 928 illos
638 895 681 944 pro
691 888 757 927 oeter-

87 947 161 1021 nitute
170 946 269 1021 imperii,
282 945 418 994 solebamus.
446 947 504 994 Haeo
512 959 555 1009 pro
564 945 660 1020 imperio
669 952 756 1004 nostro,

88 1138 199 1186 rexeris.”
216 1137 364 1201 Diguavota,
375 1154 481 1202 quorsum
528 1138 687 1201 suscipiuntur,
697 1151 758 1184 sem·

89 1217 178 1266 perque
188 1202 312 1250 solventur.
336 1203 393 1266 Egit
408 1218 462 1250 oum
502 1202 516 1213 ''
530 1235 538 1262 ,
554 1202 605 1265 ipso
619 1211 643 1250 te
657 1209 758 1260 auctore,

90 1266 318 1330 (lmssrnsspublim,
325 1276 352 1314 ut
362 1277 385 1315 te
393 1268 498 1331 sospitem
507 1266 691 1342 incolumemque
699 1281 759 1328 prse-

90 1339 185 1388 starent,
196 1331 348 1378 simcaeteros
357 1331 513 1395 prestitissesz
528 1330 643 1390 sinontrn,
654 1330 689 1377 rlli
700 1344 759 1392 quo·

58 1410 61 1414 ·
90 1409 138 1458 que
154 1409 169 1441 s
183 1394 285 1442 custodit
300 1395 335 1442 tui
344 1395 425 1459 ospitis
434 1395 512 1443 oeulos
522 1394 672 1452 dimoverent,
690 1402 760 1456 teque

90 1458 246 1521 relinquerent
267 1459 333 1520 votis,
358 1476 411 1523 quae
427 1474 473 1507 uon
491 1459 569 1522 palem
586 1458 761 1521 surriperentur.

91 1523 144 1570 Alii
152 1538 176 1570 se
186 1524 315 1587 superstites
325 1523 456 1587 reipublicae
462 1524 581 1586 optabant,
589 1521 691 1570 iacieban
717 1537 759 1570 uet

92 1587 137 1634 tibi
146 1587 207 1634 solus
218 1597 258 1635 tna
273 1588 347 1636 invise
362 1597 404 1647 est,
419 1588 440 1635 si
455 1601 501 1635 non
516 1587 546 1634 sit
560 1600 613 1634 curm
629 1585 726 1648 reipub'

55 1694 56 1697 ,
93 1651 167 1698 salute
175 1653 303 1712 conjuncto.
320 1652 389 1700 Nihil
396 1667 438 1716 pro
446 1659 469 1699 te
479 1650 563 1715 poteris
574 1649 657 1713 opteri,
667 1649 712 1696 nisi
719 1664 760 1697 ex·

92 1714 171 1778 pediot
187 1717 332 1778 optantibus:
350 1718 503 1779 omnibusque
518 1713 584 1762 annis
599 1714 623 1760 in
640 1713 762 1762 eonsilium

92 1779 122 1826 de
138 1786 161 1826 te
176 1780 238 1828 Deos
253 1781 340 1837 mittis3
358 1781 483 1844 exigisque,
502 1787 529 1826 ut
544 1777 678 1826 sententiam
695 1792 762 1826 susm

93 1851 193 1902 mutent,
210 1844 229 1892 si
243 1845 295 1892 telis
305 1861 352 1892 esse
367 1845 466 1903 desieris,
482 1841 557 1907 qualis
567 1843 651 1890 electus
661 1857 693 1889 es.
716 1840 762 1890 Sed

93 1907 183 1970 ingenti
193 1908 334 1967 mnsoiontid,
353 1910 438 1967 Cesar,
457 1907 576 1971 pacisceris
587 1921 641 1954 eum
657 1905 718 1964 Diis,
734 1913 763 1954 ut

95 1980 127 2030 te,
146 1971 165 2019 si
182 1973 312 2034 mereberis,
329 1981 433 2029 servent;
451 1987 505 2020 cum
520 1972 585 2026 seins,
601 1985 632 2018 sn
646 1970 761 2029 merearis,

94 2036 211 2084 neminem
221 2038 372 2101 magisqusm
380 2036 443 2085 Deos
451 2037 514 2085 scire.
539 2037 624 2083 Nonne
634 2035 705 2088 vobis,
717 2036 763 2083 Ps·

93 2106 139 2146 tres
151 2101 287 2165 Conscripti,
298 2102 347 2150 haee
358 2102 438 2150 diebus
445 2117 471 2150 se
479 2101 583 2149 noctibus
591 2099 676 2162 agitare
686 2115 764 2147 seeum

94 2164 204 2213 videtur?
222 2169 240 2194 ‘⁶
251 2166 303 2229 Ego
313 2166 408 2230 quidem
424 2167 448 2213 in
463 2181 509 2223 me,
527 2165 546 2213 si
562 2164 667 2212 omniurn
677 2163 765 2211 utilitas

95 2228 129 2274 itu
139 2238 248 2292 posceret,
260 2231 327 2278 etiem
339 2231 439 2294 praefecti
452 2245 547 2278 manum
565 2228 667 2275 srmsvis
685 2227 725 2274 sed
734 2241 765 2274 ne

95 2291 201 2340 Deorum
218 2294 312 2357 quidem
329 2303 370 2342 eut
381 2294 440 2342 iram
455 2303 495 2342 sut
511 2291 674 2355 negligentium
685 2290 765 2354 depre-

96 2371 149 2404 mr:
167 2373 245 2422 queso
261 2358 333 2406 immo
348 2367 372 2407 et
387 2360 493 2413 obtestor,
509 2371 538 2405 ne
552 2370 656 2417 unquam
671 2369 715 2418 pro
725 2370 764 2402 me

96 2429 151 2469 vote
167 2423 293 2486 respublica
309 2423 381 2471 invita
399 2421 522 2487 suscipitt3
540 2427 589 2480 sut,
606 2419 626 2467 si
641 2418 765 2483 susceperit

97 2485 179 2543 invite,
190 2501 220 2534 ne
230 2488 336 2535 debent.”

131 2552 201 2612 (68.)
218 2552 288 2616 Cepis
304 2567 366 2614 ergo,
379 2552 463 2605 Cesar,
482 2549 562 2599 salutis
576 2556 623 2596 ture
632 2547 766 2612 gloriosissi·

97 2630 166 2662 mum
176 2615 277 2665 fructum
288 2632 317 2663 ex
326 2631 438 2664 consensu
450 2617 563 2663 Deorum.
580 2614 654 2672 Num,
662 2627 714 2661 cum
726 2628 767 2660 ex·

98 2679 178 2742 cipies,
189 2687 217 2726 nt
229 2683 247 2710 ‘⁶
259 2681 291 2728 ita
301 2680 396 2727 demum
406 2679 482 2728 teDii
492 2686 589 2737 ment,
607 2677 696 2726 sibene
705 2691 767 2724 rem·

96 2741 216 2806 publiesm
226 2753 250 2792 et
259 2744 397 2793 exutilitate
407 2744 513 2792 omnium
522 2742 606 2790 rexeris
613 2742 639 2798 ;”
650 2749 724 2790 certus
734 2755 767 2798 es,

99 2817 122 2855 te
132 2810 192 2856 bene
205 2809 370 2873 rempubliosm
386 2823 471 2870 gerere,
490 2821 543 2854 eum
560 2813 656 2854 servent.
684 2805 697 2851 1
738 2816 768 2852 ue

99 2887 192 2920 securus
209 2873 251 2921 tibi
266 2881 293 2923 et
304 2873 370 2920 laetus
385 2873 434 2920 dies
450 2871 507 2930 exit,
523 2871 566 2934 qui
579 2869 701 2930 Pnnnqe
744 2925 752 2936 θ

100 2935 155 2984 euni
172 2945 195 2984 et
210 2946 274 2986 metu
285 2937 420 2998 distinebst,
436 2952 504 2997 eum,
519 2932 635 2999 suspensi
647 2923 797 2996 etetmuxsss

90 3015 225 3065 perumque
241 3004 324 3055 confisi
338 3005 461 3072 patientiis
471 2997 655 3111 nostmqiian
661 2977 814 3051 *mmm

594 3076 624 3112 ιι
