1718 3344
230 115 340 163 PLINII
359 116 464 163 EPIST.
484 118 542 163 Vll.
564 118 599 162 11.
704 120 747 170 llis

74 261 132 308 que,
142 259 194 307 quae
206 246 229 290 in
239 246 294 303 vitei,
306 254 375 308 atque
386 246 454 292 etiam
465 247 488 292 in
501 246 549 292 foro
560 245 685 307 causisque,
697 262 746 292 ver·

73 317 165 356 santur.
176 308 476 372 Inesthisquoqueeadem,
483 308 746 373 quaerdiiscsnninibus,

72 372 172 432 utilitas,
183 372 255 438 quod,
270 373 337 421 metri
347 373 480 421 necessitate
491 373 599 427 devincti,
611 370 685 420 soluti
695 387 746 422 ora·

71 437 138 485 tione
146 437 268 493 laetamun
286 445 316 492 et,
328 437 391 500 quod
403 437 492 486 facilius
503 453 550 485 esse
560 438 700 500 comparatio
710 452 746 485 os·

71 500 267 556 tenditlibentius
273 500 399 550 scribimus.
412 501 491 550 Hebes
496 503 564 565 plura
569 500 638 548 etiam
644 501 745 558 fortasse,

71 580 146 629 quam
153 565 295 628 requirebas:
304 580 378 613 unum
385 574 462 613 tamen
468 566 542 613 omisi.
555 566 611 613 Non
617 565 679 612 enim
686 565 744 624 dixi,

72 629 510 693 quaelegendaarbitrarer,quamqusm
517 630 631 688 dixi,cum
636 629 742 686 dicerem,

72 709 128 757 quae
138 693 262 741 scribenda
281 693 320 740 Tu
335 692 473 751 memineris,
489 694 524 741 sui
535 695 646 757 cujusque
656 695 744 756 generis

71 766 177 805 suctores
187 758 309 820 diligenter
319 758 408 820 eligere.
416 768 418 773 ’
426 758 513 813 (Aiunt
523 758 593 817 enim,
606 761 624 787 “
635 757 743 805 Multum

70 822 197 884 legendum
205 837 262 881 esse,
271 836 316 869 nou
325 821 435 882 multa.'')
447 822 496 881 Qui
504 822 550 870 siut
558 822 591 882 hi,
600 822 657 870 adeo
663 831 743 869 notum

70 887 243 949 probatumque
259 895 301 944 est,
317 893 344 933 ut
357 886 548 934 demonstratione
562 901 608 934 non
623 896 702 949 egeat:
720 894 742 933 et

70 949 160 1012 alioqui
171 958 218 996 tam
229 949 351 998 immodice
364 949 457 1013 epistolis
471 966 509 998 me
523 950 623 1010 extendi,
638 959 673 1008 ut,
685 950 741 997 dum

70 1014 125 1072 ubi,
134 1014 330 1077 quemadmodum
338 1015 428 1062 studere
434 1014 523 1072 debeas,
535 1015 627 1074 suadeo,
636 1014 742 1061 studendi

69 1085 165 1140 tempus
175 1077 314 1125 abstulerim.
332 1078 396 1137 Quin
407 1094 461 1141 ergo
471 1079 595 1142 pugillares
604 1078 708 1136 resumis,
720 1087 744 1125 et

69 1142 162 1254 qlliquid
170 1157 199 1190 ex
205 1142 249 1202 bis,
257 1143 293 1190 vel
299 1142 361 1190 istud
368 1143 453 1205 ipsum,
460 1143 522 1207 quod
528 1158 635 1205 ceperas,
644 1141 740 1190 scribis?

121 1221 141 1253 e.

180 1402 252 1466 (10.)
272 1406 299 1453 C.
312 1405 409 1450 Plinius
420 1403 533 1449 Macrino
544 1415 585 1448 suo
597 1403 622 1449 S.

102 1532 168 1591 Quia
178 1532 227 1594 ipse
240 1547 294 1580 cum
308 1531 384 1595 prima
397 1530 500 1593 cognovi.
514 1531 611 1593 jungere
626 1536 737 1587 extrema,

65 1597 138 1662 quasi
148 1596 235 1655 avulsa,
246 1596 322 1659 cupio,
334 1605 357 1643 te
367 1610 460 1659 quoque
470 1594 576 1643 existimo
583 1594 642 1643 velle
652 1593 681 1640 de
688 1592 737 1640 Vs·

68 1676 127 1708 reno
137 1669 160 1708 et
171 1659 279 1722 Bithynis
289 1660 377 1723 reliqua
387 1674 526 1721 cognoscere.
543 1660 605 1707 Acta
610 1673 678 1706 causa
684 1657 738 1704 hinc

68 1742 83 1773 a
95 1725 215 1787 Polyaeuo‚
222 1724 275 1771 inde
283 1740 297 1771 a
306 1724 402 1786 Magno.
419 1723 501 1771 Finitis
511 1724 644 1777 actionibus,
653 1721 737 1778 caesar,

69 1793 88 1818 “
101 1789 219 1847 Neutra,”
233 1788 319 1852 iuquit,
332 1791 349 1818 “
360 1803 412 1850 pars
422 1788 451 1835 de
466 1787 531 1836 mord
544 1795 659 1851 queretur.
685 1784 739 1833 Erit

67 1853 129 1901 mihi
139 1868 208 1910 curre,
219 1868 248 1899 ex
264 1853 337 1900 lorare
350 1851 472 1914 provincie
482 1851 648 1901 voluntstem.”
672 1849 739 1898 Mul-

68 1926 122 1965 tum
138 1917 230 1964 interim
245 1868 351 1965 iarenus
367 1916 428 1964 tulit.
455 1916 547 1963 Etenim
558 1929 630 1979 quam
640 1913 737 1961 dubium

67 1991 112 2041 est,
129 1996 159 2029 an
175 1980 257 2029 merito
272 1988 398 2038 accusetur,
408 1981 450 2043 qui
464 1993 494 2026 an
504 1979 598 2027 omuino
612 1986 737 2035 accusetur,

67 2047 181 2094 incertum
193 2045 242 2093 est!
271 2045 387 2107 Superest,
400 2056 430 2091 ne
442 2059 520 2090 rursus
533 2042 663 2106 provincie,
674 2040 737 2104 quod

66 2110 190 2161 damnuse
196 2106 658 2220 neqquuoeetsgatquepoenitendsm
665 2103 737 2170 peni-

65 2175 146 2224 tentiae
156 2189 211 2222 sue„
278 2189 299 2220 e.

118 2370 128 2431 (
141 2365 189 2428 11.)
209 2370 237 2417 C·
250 2369 348 2415 Plisticae
358 2367 456 2427 Fabato,
463 2379 586 2429 prosocero
596 2379 646 2424 suo,
659 2365 685 2410 S.

100 2495 206 2555 Miraris,
212 2495 275 2560 quod
283 2496 391 2553 Hermes,
399 2494 493 2543 libertus
503 2509 579 2554 meus,
584 2489 744 2568 medimnus}

65 2576 143 2633 agos
157 2575 215 2622 svm
227 2575 269 2623 eo
280 2562 393 2621 iusseram
408 2560 533 2626 proscribi,
549 2575 601 2609 nes
615 2561 755 2621 messan

57 2629 172 2688 suenone,
181 2638 226 2684 pro
235 2639 289 2675 meo
296 2624 432 2688 quincunce
440 2645 472 2679 ex
481 2624 646 2694 septingenas
654 2619 770 2674 nimbus
