1718 3344
92 151 121 196 10
265 146 378 196 Pnlnn
400 146 508 196 EPIST.
525 144 546 194 1.
562 148 586 194 9.

87 274 174 351 appeti,
185 277 270 325 debete
287 291 337 332 nec,
351 275 372 325 si
381 291 435 324 sant
445 275 525 338 aliquo
535 288 582 322 non
593 282 712 336 sequatur,
723 275 759 321 id·

87 355 156 399 cuco,
168 341 230 405 quod
240 341 338 405 gloriam
347 340 441 399 meruit,
452 340 530 387 minus
540 339 665 404 pulchrum
675 348 717 386 est
738 340 760 387 li

87 420 142 453 vero
157 406 199 469 qui
216 405 336 454 benefacto
353 420 396 452 arra
412 405 487 453 verbis
504 403 625 461 adornant,
644 417 692 450 nou
709 403 762 451 ideo

87 469 218 533 predicare,
229 470 285 533 quia
294 469 396 524 fecerint,
405 469 453 528 sed,
465 476 492 516 ut
502 468 659 532 predicarent,
670 467 761 528 fecisse,

87 533 219 582 creduntur.
236 534 283 594 Sic,
295 534 358 597 quod
367 533 517 596 magnificum
528 532 637 580 referente
648 532 694 579 alio
703 531 762 580 ruis-

88 607 132 656 set,
143 597 194 661 ipso
204 599 245 662 qui
259 606 358 661 gesserat
371 606 509 655 recensente,
520 595 627 644 vanescit.
646 595 762 646 Homines

88 661 161 737 enim,
176 677 230 710 cum
246 678 293 710 rem
305 662 420 710 destruere
434 677 481 709 non
494 669 598 724 possunt,
612 661 762 721 jactationem

88 725 762 854 timentittttnsstttnttu

87 853 322 920 peculiarisquaedem
331 855 429 918 impedit
438 855 510 901 ratio=
523 854 607 902 etenim
613 853 677 901 hunc
683 853 762 916 ipsum

88 933 227 979 eumenen,
238 935 284 967 non
291 919 353 984 apud
363 920 486 982 populum,
498 919 538 966 sed
547 917 610 997 apud
617 917 761 979 decuriones,

89 982 170 1044 bubni,
186 999 228 1032 nec
240 984 266 1031 iu
279 984 410 1048 propatulo,
426 984 466 1031 sed
476 983 501 1029 in
511 982 580 1030 curie.
597 983 685 1032 Vereor
696 997 760 1045 ergo,

89 1056 118 1095 nt
127 1047 158 1095 sit
167 1048 222 1096 satis
232 1062 367 1123 congruens,
379 1063 434 1096 cum
444 1047 468 1094 iu
479 1046 575 1095 dicendo
585 1047 762 1095 assentationem

88 1111 154 1174 vulgi
164 1113 398 1176 acclamauonemque
408 1111 546 1174 defugerim,
556 1125 619 1159 nunc
629 1111 710 1159 eadem
721 1112 763 1159 ille

88 1175 188 1224 editione
203 1177 299 1234 secteri3
316 1191 416 1239 cumque
430 1177 522 1240 plebem
533 1176 617 1239 ipsam,
629 1175 667 1223 cui
677 1190 762 1224 consu-

87 1240 186 1301 leuetur,
196 1241 278 1291 limine
290 1241 360 1290 curiae
375 1239 546 1303 parietibusque
562 1240 714 1295 discreverim,
732 1255 765 1288 ne

88 1319 161 1367 quem
178 1305 203 1353 iu
220 1306 319 1371 speciem
340 1304 472 1353 ambitionis
489 1304 622 1362 inciderem,
641 1319 705 1353 nuuc
723 1321 763 1353 eos

88 1369 168 1427 etiam,
180 1371 210 1420 ad
220 1387 278 1435 quos
288 1387 318 1420 ex
332 1385 427 1418 munere
437 1380 514 1417 nostro
524 1369 583 1416 nibil
593 1369 691 1431 pertinet
701 1385 763 1432 prae-

88 1441 124 1482 ter
138 1437 281 1500 exemplum,
296 1437 360 1485 velut
373 1434 442 1483 obvit
456 1433 607 1482 motione
617 1434 762 1496 conquirere.

89 1497 170 1549 Habes
192 1500 341 1550 cunctationis
359 1514 418 1546 mem
436 1515 530 1554 oausas;
551 1500 663 1560 obsequar
682 1506 762 1545 tamen

87 1564 183 1612 oonsilio
198 1574 248 1624 tuo,
260 1567 327 1627 cujus
342 1562 402 1613 mihi
415 1563 538 1612 auctoritas
551 1577 594 1626 pro
609 1562 697 1609 ratione
712 1563 763 1610 suf·

87 1626 157 1676 ficiet
174 1628 243 1676 vae.
448 1644 452 1651 ’

93 1855 94 1858 ,
144 1815 200 1884 (9.)
217 1821 246 1869 C.
259 1819 358 1868 Plinius
368 1821 481 1868 Minucio
491 1819 611 1868 Fundano
621 1833 664 1866 rao
675 1822 702 1868 S.

120 1945 214 1996 Mirum
224 1955 267 2010 est,
278 1963 351 2012 quem
359 1948 455 2012 singulis
461 1948 542 1998 diebus
549 1948 573 1995 iu
580 1950 645 1998 Urbe
655 1950 713 1998 ratio
721 1957 764 1998 eut

87 2020 183 2065 substet,
203 2022 244 2061 sut
260 2022 362 2062 constare
378 2014 489 2069 videatur,
507 2014 613 2077 pluribus
629 2014 764 2076 cunctisque

87 2091 134 2125 non
146 2085 240 2125 constet.
257 2079 359 2137 Nem‚si
369 2094 440 2142 quem
449 2079 581 2141 interroges,
592 2081 609 2106 “
619 2078 698 2126 Hodie
704 2079 763 2141 quid

88 2139 156 2204 egisti
165 2142 193 2189 ?”
208 2142 352 2207 respondeat,
364 2145 382 2172 “
393 2143 477 2192 Officio
491 2151 551 2206 togae
563 2142 636 2190 virilis
648 2143 743 2190 interfui
752 2159 761 2199 ς

88 2205 203 2269 sponsabo
219 2215 260 2254 aut
275 2208 368 2270 nuptias
381 2207 540 2272 frequentavi;
557 2207 596 2254 ille
612 2221 650 2254 me
666 2206 696 2254 ad
713 2207 762 2268 sig·

88 2269 192 2317 nandum
207 2279 378 2332 testamentum,
394 2272 434 2320 ille
447 2273 472 2320 iu
485 2271 667 2329 advocationem,
683 2271 723 2318 ille
736 2271 762 2318 iu

88 2333 212 2382 eonsilium
222 2335 335 2397 rogavit.”
345 2336 412 2396 Ηωο,
422 2336 514 2399 quodie
524 2335 612 2395 feceris,
620 2335 761 2392 necessaria3

89 2397 178 2457 sedern,
190 2399 404 2462 siquotidiefecisse
414 2408 437 2448 te
484 2407 543 2459 ntes,
551 2399 630 2447 inania
637 2399 745 2448 videntur
753 2416 760 2446 r

89 2462 165 2510 multo
175 2464 249 2526 magis
259 2479 314 2512 cum
325 2464 447 2512 secesseris.
487 2479 532 2512 unc
543 2463 605 2512 enim
616 2464 678 2512 subit
688 2479 762 2511 remr-

89 2526 160 2581 dstio
172 2529 191 2557 “
202 2527 334 2587 Quosne,
346 2543 416 2591 quam
427 2528 516 2592 frigidis
529 2531 607 2588 rebus,
621 2529 725 2576 absumsi
735 2527 761 2574 !''

90 2590 162 2650 Quod
172 2592 248 2640 even't
258 2591 325 2650 mibi,
336 2601 460 2666 postquam
469 2593 495 2641 in
504 2593 647 2641 laurentino
657 2607 710 2640 meo
721 2600 764 2640 aut

89 2655 143 2720 lego
152 2607 240 2721 aliqud
250 2664 292 2705 aut
302 2658 384 2725 acerbo,
394 2665 437 2705 aut
446 2657 516 2707 meur
525 2657 614 2722 corpori
624 2671 688 2717 uses,
697 2657 764 2718 cujus
