1718 3344
85 160 135 206 330
199 154 313 205 ΡΜΝΙΙ
333 149 593 201 PANEGYRIGUS·
610 151 652 198 41.

88 287 151 335 adite
165 287 279 342 uom;
300 281 410 346 musice
425 280 558 337 situatum
584 279 706 329 nemirtem
719 277 755 325 lut

89 348 262 399 umdtudinu
271 349 406 409 abruptam,
413 345 598 393 velatuuunrm
604 354 755 408 amputabim-

90 543 188 603 jamque
197 539 321 587 deficientis
328 536 544 599 affinitatisgradua,
552 552 569 584 a
576 538 759 600 qualiterqua-

93 603 393 653 titatevioesimaminierre
406 609 508 664 oogeau.
528 601 760 650 Statuitenimaom·

94 668 173 741 munis
188 668 294 742 omnium
308 680 389 730 parens
404 680 532 725 mmmam,
548 680 605 728 quse
614 665 761 729 publicanum

94 740 144 794 patr
153 740 232 793 W
293 792 298 802 ,
413 793 419 804 ,
457 792 463 803 ,
691 793 697 805 ,

128 792 200 854 (40.)
217 794 310 841 (latebit
320 807 510 841 onerenoesrmae
519 808 594 855 parva
604 802 630 841 et
642 793 761 843 exilrsha-
805 816 807 821 ·

96 857 195 904 redime
213 855 761 922 easiitagxamstrarasvoleatooasepulno,

95 930 144 968 tota
152 920 229 968 funeri
240 919 329 968 serviet
350 922 429 969 Nemo
437 922 578 979 observator,
589 936 663 970 narso
671 922 762 983 mauga-

97 994 133 1031 tor
143 985 238 1033 assistet.
255 983 499 1048 Cuicumquemodiua
510 985 613 1046 pectinis
626 1000 658 1034 ex
671 985 762 1035 heredi·

97 1056 144 1095 tate
156 1048 254 1110 alicujus
272 1049 398 1106 obvenerit,
415 1062 507 1095 secsuus
524 1048 622 1110 habeat,
632 1050 764 1114 quietusque

97 1112 220 1174 possideat.
241 1113 279 1161 Ea
292 1112 332 1159 lex
342 1111 454 1161 vicesimae
467 1111 530 1160 dicta
544 1121 587 1174 eat,
600 1123 629 1162 ut
639 1115 763 1179 adpetim-

95 1175 148 1223 lum
158 1178 208 1238 ejus
217 1176 339 1240 perveniri,
349 1176 394 1224 uisi
403 1176 494 1239 opibus,
505 1189 554 1223 non
564 1179 647 1240 pomit.
670 1180 765 1228 Conver·

98 1255 125 1287 sa
135 1249 170 1288 est
180 1241 289 1305 iniquius
303 1241 328 1287 in
341 1239 525 1302 gratulationem,
537 1240 627 1302 injuria
636 1243 664 1290 in
673 1252 763 1292 votum:

98 1313 164 1368 optat
173 1306 253 1362 hares,
269 1313 297 1352 ut
306 1304 438 1352 vicesimam
448 1303 536 1353 debeat.
554 1306 675 1355 Additum
684 1317 726 1366 est,
735 1315 766 1362 ut.

101 1369 142 1432 qui
152 1370 266 1430 ejusmodi
276 1384 306 1418 ex
315 1368 389 1416 musis
398 1368 496 1416 iudiem
506 1368 576 1417 edicti
586 1371 720 1420 vioesimam
729 1372 765 1420 de·

100 1435 189 1493 herent,
198 1434 301 1481 nondum
311 1440 389 1480 umen
399 1432 537 1491 intulissent,
546 1448 594 1481 non
602 1434 720 1485 inferrent.
735 1437 764 1483 At

101 1497 126 1544 in
137 1499 277 1561 preteritum
288 1496 407 1545 subvenire
417 1511 447 1543 ne
457 1496 499 1544 Dii
509 1497 605 1560 quidem
612 1509 725 1562 possunt:
740 1510 764 1548 tu

100 1570 179 1609 tamen
196 1562 320 1609 subvenisti
328 1579 336 1619 ;
353 1560 485 1624 cavistique,
500 1570 528 1608 ut
541 1562 658 1613 desineret
672 1567 764 1629 quisque

101 1625 191 1684 debere,
203 1625 266 1689 quod
275 1640 322 1673 non
333 1633 391 1672 esset
400 1634 478 1688 postea
491 1625 619 1674 debiturus.
639 1630 706 1677 Idem
716 1629 765 1677 effe·

100 1688 159 1747 cisti,
171 1704 201 1737 ne
211 1690 283 1736 malos
295 1689 412 1751 Principes
418 1689 594 1738 habuissemus:
613 1709 662 1755 quo
668 1694 763 1758 ingenio,

99 1753 205 1799 sinatura
211 1760 334 1814 pateretur,
341 1769 412 1816 quam
418 1753 515 1801 libenter
521 1762 555 1801 tot
563 1757 764 1817 spoliatis,tottru·

100 1816 189 1874 cidatis‚
197 1816 332 1877 sanguinem
343 1827 366 1864 et
373 1817 575 1866 bonarefudisses!
586 1821 690 1870 vetuisti
699 1821 763 1884 exigi,

101 1880 164 1944 quod
175 1881 252 1929 deberi
257 1895 304 1928 non
310 1889 351 1928 tuo
359 1882 441 1930 seculo
448 1891 552 1944 ceperat
564 1884 646 1942 Alius,
657 1895 765 1934 utcontu·

101 1945 212 2005 macibus,
233 1945 373 2005 irasceretur,
390 1945 566 2010 tarditatemque
578 1949 688 2010 ¹solvendi
704 1949 765 2013 dupli

101 2011 138 2058 vel
149 2019 171 2058 et
177 2010 299 2074 quadrupli
305 2010 440 2072 irrogatione
446 2010 571 2058 multaret:
581 2021 608 2059 tu
619 2013 680 2061 nihil
689 2015 766 2062 referre

99 2075 227 2138 iniquitatis
236 2074 360 2133 existimas,
376 2074 463 2136 exigas,
478 2075 541 2136 quod
551 2076 631 2124 deberi
644 2093 693 2126 uon
703 2095 766 2142 opor·

101 2139 178 2194 tuerit,
190 2153 220 2185 an
231 2139 361 2195 constituas,
370 2147 397 2185 ut
406 2138 533 2184 debeatur?

133 2203 142 2263 (
152 2203 204 2259 ll.)
221 2202 299 2261 Feres,
311 2202 483 2260 cessaturam
493 2212 516 2250 et
526 2204 707 2255 sollicitudinem
716 2223 767 2256 cou-

94 2264 207 2311 sularem·
223 2265 287 2312 Nam
302 2266 361 2312 mihi
375 2266 492 2328 cogitanti,
508 2269 619 2317 eumdem
633 2280 657 2318 te
667 2273 766 2320 collatio-

98 2341 139 2373 nes
148 2327 269 2386 remisisse,
286 2328 419 2378 donativum
429 2330 561 2389 reddidisse,
572 2335 717 2397 congiarium
727 2339 766 2384 ob·

99 2389 186 2448 tulisse,
196 2390 306 2440 delatores
319 2394 429 2457 abegisse,
440 2395 560 2458 vecdgalia
574 2401 723 2462 temperisse,
733 2401 767 2447 in-

100 2454 249 2517 tenogandus
255 2455 344 2518 videris,
352 2459 434 2506 suusne
440 2460 608 2522 computaveris
614 2464 707 2526 imperii
717 2464 765 2512 red·

99 2519 154 2575 itus,
173 2533 202 2566 an
215 2528 290 2567 tanus
305 2522 363 2570 vires
379 2523 462 2571 habeat
475 2523 595 2586 frugalitas
606 2527 730 2592 Principis,
741 2537 766 2574 ut

101 2591 135 2631 tot
144 2583 276 2649 inpendiis,
289 2593 324 2633 tot
333 2586 512 2648 erogationibus,
521 2590 569 2637 sola
580 2590 685 2640 sufficiat
703 2594 764 2640 Nam

97 2650 156 2718 quid
168 2660 205 2703 eet
216 2666 302 2711 musac,
317 2665 360 2699 cur
372 2650 425 2697 aliis
434 2648 542 2708 (ulma
553 2664 610 2694 aum
622 2655 771 2709 ossuum
