1718 3344
215 464 328 516 rnnsrr
352 464 606 516 rnnncrsrcus
623 468 663 517 s1.
731 430 776 522 sn

109 595 164 660 cipi,
175 594 339 660 profiteantur3
357 595 480 654 concedite,
491 610 538 655 me,
550 608 597 644 non
621 610 646 644 ro
656 610 695 644 me
704 595 779 660 magis

108 675 205 708 munere
220 659 273 721 isto,
290 675 362 724 qnam
393 675 419 708 ro
429 658 517 723 collegi
526 674 587 721 mec,
638 667 707 709 rnuto
718 660 778 709 Ter·

108 724 176 784 tullo,
188 725 216 773 C.
228 724 261 774 V.
276 724 351 788 iungi.
389 740 418 772 ur
433 723 496 772 enim
510 737 558 772 non
573 739 615 789 pro
632 725 673 773 illo
687 738 779 790 quoque

107 789 194 852 gratias
203 805 281 853 agam,
297 806 340 854 pro
357 805 404 865 quo
420 803 467 837 non
483 789 561 838 minus
580 785 668 838 debeo?
684 802 779 854 praeser·

108 853 152 900 tim
173 868 228 902 cum
244 853 457 918 indulgentissimus
472 853 601 917 Imperator
617 854 643 902 in
660 851 779 903 concordii

107 917 187 966 nostri.
199 935 226 967 sa
236 919 366 983 praetiterit
379 918 500 979 ambobus,
514 933 567 983 quas
577 919 597 966 si
607 926 698 967 tantum
708 919 734 966 in
744 917 778 966 al-

107 989 184 1029 terum
195 982 335 1043 contulisset,
346 983 425 1031 ambos
435 990 513 1032 tamen
521 982 639 1047 equaliter
649 981 778 1046 obtigisset

106 1047 241 1110 Utrumque
251 1050 353 1095 nostrdm
364 1047 403 1095 ille
413 1047 495 1111 optimi
509 1049 621 1112 cujusque
637 1047 746 1112 spoliator
755 1054 779 1095 et

106 1111 218 1171 carnifex,
230 1112 343 1175 stragibus
353 1111 488 1173 amicorum,
506 1121 530 1161 et
538 1112 564 1160 in
574 1111 708 1176 proximum
716 1112 778 1174 jacto

106 1174 213 1236 fulmine,
231 1175 353 1225 afflaverat
380 1175 468 1225 Iisdem
487 1177 550 1226 enim
567 1176 648 1226 amicis
662 1175 777 1240 gloriaba-

105 1254 175 1296 mur;
193 1239 284 1288 cosdem
299 1241 394 1289 amissos
414 1240 566 1306 lugebamuse
583 1257 619 1304 ac,
639 1241 697 1290 sicut
715 1254 778 1289 nunc

105 1318 157 1367 spes
171 1304 282 1367 gaudium
299 1320 337 1363 ue,
348 1305 381 1352 ita
394 1312 451 1353 tunc
461 1305 591 1354 communis
601 1305 668 1355 nobis
678 1305 743 1353 dolor
753 1310 776 1352 et

105 1376 181 1415 metus
192 1376 247 1417 erat·
302 1371 396 1416 abuerat
407 1368 470 1418 hunc
485 1369 597 1418 honorem
607 1368 713 1434 periculis
723 1382 777 1416 nos·

105 1431 148 1480 tris
158 1431 234 1482 Divus
244 1433 270 1480 N
271 1449 333 1491 srva,
344 1439 371 1480 ut
381 1447 432 1493 nos,
441 1431 483 1481 etsi
493 1432 571 1481 min'us
578 1441 655 1508 notos,
665 1434 777 1509 rit-bonos

104 1503 336 1625 mititte
344 1496 777 1636 lffistffirtttttttsstttt

105 1631 156 1672 tum
168 1634 221 1673 ante
231 1625 314 1686 fuerat,
326 1633 353 1673 ut
363 1624 481 1674 memoria
492 1624 605 1689 Principis
615 1625 765 1673 elaberentur.

137 1690 208 1750 (91.)
223 1690 338 1738 Nondum
353 1689 474 1739 biennium
487 1689 656 1753 compleremus
667 1690 692 1736 in
702 1689 776 1738 officio

103 1752 279 1802 laboriosissimo
298 1763 321 1802 et
338 1754 451 1814 maximo,
473 1770 527 1802 cum
545 1762 572 1802 tu
593 1753 667 1813 nobis,
690 1753 777 1817 optime

104 1817 249 1883 Principum,
260 1818 382 1867 fortissime
392 1818 572 1882 Imperatorum,
581 1817 725 1866 consulatum
735 1818 777 1866 ob-

103 1882 186 1943 tulisti,
197 1890 224 1930 ut
234 1882 265 1930 sd
275 1898 394 1930 summum
404 1882 515 1931 honorem
525 1882 598 1947 gloria
608 1880 728 1931 celeritatis
738 1896 777 1930 ac·

103 1947 200 1996 cederet.
217 1947 323 1994 Tantum
333 1947 392 1995 inter
406 1955 429 1994 te
446 1955 469 1995 et
483 1948 535 1996 illos
545 1945 663 2010 Principes
673 1947 775 2006 interest,

103 2011 146 2075 qui
162 2010 278 2060 beneficiis
295 2010 343 2060 suis
361 2011 584 2060 commendationem
602 2025 632 2060 ex
642 2010 776 2059 difficultate

103 2077 235 2138 captabunt,
252 2076 327 2152 gratio
378 2090 408 2124 ue
424 2076 587 2141 accipientibus
600 2074 697 2124 honores
712 2074 774 2124 arbi·

103 2141 232 2201 trabuntur,
246 2155 266 2189 sr
275 2141 339 2204 prius
350 2141 357 2152 ⁶
376 2155 401 2189 os
411 2139 545 2205 desperatio,
561 2149 585 2189 et
594 2140 699 2198 tadium,
710 2147 734 2187 et
744 2139 776 2187 si·

102 2201 167 2251 mssis
182 2203 280 2267 repulse
292 2220 365 2262 mors,
381 2205 407 2253 in
423 2212 503 2253 notam
530 2203 640 2254 usmdam
650 2203 775 2266 pudorem-

102 2281 150 2330 que
168 2267 293 2317 vertissent.
321 2267 407 2318 Obstat
425 2284 440 2318 v
539 2268 545 2280 '
561 2301 570 2328 ,
587 2267 712 2331 quominus
723 2282 775 2331 per-

102 2346 245 2392 censeamus,
263 2348 310 2397 quc
326 2340 453 2396 utrumque
469 2334 572 2381 nostrbm
589 2330 720 2380 testimonio
736 2346 774 2379 or·
814 2345 817 2354 ’

101 2395 178 2455 niris3
195 2403 222 2444 ut
233 2412 310 2446 amore
320 2398 383 2458 recti,
398 2412 476 2446 amore
485 2395 625 2461 reipublice,
636 2394 716 2460 priscis
728 2394 775 2443 illis

102 2461 235 2510 consulibus
251 2462 383 2526 nquaveris.
415 2460 502 2510 Merito
516 2475 608 2520 nec-ne,
626 2467 732 2508 neutram
748 2458 774 2507 in

101 2533 192 2588 partem
202 2525 321 2584 decernere
331 2527 471 2588 audeamus3
487 2525 543 2590 quia
559 2540 602 2574 nec
616 2524 652 2573 ias
668 2531 702 2573 est
711 2523 773 2573 affir-

101 2589 199 2638 mationi
217 2601 264 2639 tusa
280 2590 397 2666 dmpgme,
416 2598 578 2665 etonerosum
592 2588 709 2666 confiteri,-
720 2603 774 2663 perp

101 2783 146 2830 bus
162 2782 234 2846 possis
251 2783 296 2832 ists
312 2782 441 2858 predicare.
469 2781 571 2834 Tribuas
581 2781 681 2854 variam,
699 2778 771 2844 quod,

100 2844 161 2896 inter
170 2846 220 2897 hrsc
229 2848 339 2897 benefica
348 2854 397 2906 tus,
411 2845 569 2910 grsdssimum
579 2853 614 2895 est
623 2845 698 2904 nobs,
708 2843 772 2905 quod

100 2924 144 2959 nos
153 2926 232 2962 mrsus
247 2911 346 2978 collegas
356 2927 406 2962 esse
415 2909 520 2962 sclurst'r.
541 2911 589 2960 les
595 2907 683 2958 sames
687 2912 794 2969 nnuma,

93 2972 127 3022 ita
144 2989 277 3042 congruens
295 2986 364 3031 tenor
382 2979 452 3040 vitm,
467 2976 509 3030 'ns
522 2992 578 3029 una
595 2970 734 3045 Q*
744 2967 813 3030 ‘im

83 3040 202 3101 P10P⁰⁸fti
210 3046 373 3109 portuenses
391 3048 467 3112 cuius
486 3043 582 3106 cuns,
596 3024 825 3087 nemnnsm'ffi
