1718 3344
121 157 136 202 2
292 157 403 204 PLINII
426 156 532 205 EPIST.
549 157 571 204 1.
588 159 611 204 3.

118 292 183 332 taxat
193 285 314 334 orationis:
326 300 381 333 unm
394 285 441 334 vim
452 294 567 334 tantorum
577 285 679 332 virorum
687 289 702 312 “
711 285 786 344 porri,

119 364 172 409 quor
182 365 259 411 aquus
268 349 374 405 amovit,’'
387 351 477 414 assequi
491 358 593 414 possunt.
626 350 677 396 Nec
691 348 789 396 materia

117 411 168 476 ipsa
178 414 233 462 hnic
245 415 333 479 (vereor
343 429 373 462 ne
382 415 485 478 improbe
496 413 582 474 dicam)
596 414 737 461 aemulationi
751 427 789 459 re-

118 479 237 540 pugnavit.
269 478 328 527 Ernt
342 480 403 526 enim
416 495 488 543 prope
502 487 550 526 toto
559 479 584 525 in
599 478 741 526 contentione
752 477 789 524 di-

118 542 199 598 cendi3
217 541 280 606 quod
294 558 340 602 me,
357 544 431 606 longae
441 543 533 590 desidie
547 543 731 601 indormientem,
744 558 785 588 ex-

118 605 204 665 citavit,
224 607 329 655 simodo
347 608 367 656 is
385 623 437 654 sum
455 623 505 670 ego,
523 609 564 671 qui
581 606 674 654 excitari
692 607 786 670 possim.

119 669 176 716 Non
190 678 267 718 tamen
282 672 376 719 omnino
387 672 463 720 Marci
476 672 547 718 nostri
557 673 661 727 ληκυθους
672 671 785 732 fugimus,

119 734 207 795 quoties
217 736 339 800 paululum
350 736 430 784 itinere
439 736 546 784 decedere
561 749 607 781 non
621 735 787 798 intempestivis

28 799 34 814 “
117 798 286 847 emunitatibus
297 800 483 848 admonebimur.
516 799 661 847 Acresenim
673 814 787 859 esse‚non

118 861 200 922 tristes,
217 864 357 912 volebamus.
390 866 440 914 Nec
453 872 494 924 est,
510 865 572 928 quod
588 874 662 922 putes,
678 879 725 922 me,
742 866 787 911 sub

117 924 161 974 hac
172 928 312 991 exceptione,
323 930 413 977 veniam
426 930 547 992 postulare.
580 927 667 987 Immo,
679 943 725 990 quo
735 944 787 975 ma·

117 989 153 1052 gis
163 990 281 1039 intendam
295 993 376 1041 limam
387 1002 460 1051 tuam,
472 993 603 1048 confitebor,
615 1002 637 1039 et
648 993 725 1054 ipsum
737 1008 785 1052 me,

117 1061 141 1101 et
151 1058 330 1115 contubernales,
342 1061 371 1106 ab
382 1058 480 1105 editione
490 1073 536 1104 non
548 1057 676 1116 abhorrere,
687 1057 706 1103 si
716 1057 786 1105 modo

118 1126 143 1165 tu
159 1118 253 1168 fortasse
267 1122 337 1170 errori
352 1131 430 1170 nostro
445 1122 526 1170 album
542 1121 656 1169 calculum
669 1120 787 1181 adjeceris.

117 1181 162 1230 Est
180 1185 242 1231 eninr
260 1186 329 1248 plone
348 1186 435 1249 aliquid
454 1186 583 1241 edendum
603 1193 672 1248 atque
694 1187 785 1233 utinam

115 1246 159 1295 hoc
174 1249 328 1312 potissimum,
343 1251 406 1314 quod
421 1260 526 1314 paratum
543 1259 585 1308 est,
604 1250 680 1314 (audis
693 1251 786 1298 desidiae

116 1311 222 1374 votum);
240 1314 354 1362 edendum
365 1323 442 1363 sutem
453 1331 482 1362 ex
493 1314 598 1378 pluribus
609 1314 697 1371 causis3
709 1313 791 1362 maxi-'

115 1391 162 1435 me,
174 1377 237 1441 quod
248 1379 328 1439 libelii,
340 1395 398 1444 quos
412 1379 538 1438 emisimus,
549 1378 656 1426 dicuntur
670 1378 694 1424 in
709 1381 786 1427 mani-

115 1442 159 1489 bus
176 1457 233 1501 esse‚
250 1444 420 1507 quamvisjam
433 1444 532 1508 gratiam
542 1442 648 1490 novitatis
664 1443 784 1501 exuerint;

115 1505 160 1554 nisi
178 1516 255 1555 tumen
274 1509 368 1556 sumbus
384 1509 467 1556 nostrin
482 1507 613 1570 bibliopolae
626 1507 786 1557 blandiuntur.

115 1571 162 1618 Sed
178 1586 232 1618 sone
250 1572 406 1631 blandiantur,
423 1572 489 1631 dum,
508 1587 549 1635 per
567 1571 611 1620 hoc
629 1572 784 1631 menducium,

114 1634 352 1684 nobisstudinnostrs
361 1636 528 1684 commendent
560 1635 628 1684 Vale.

197 1828 254 1894 (3.)
273 1832 301 1878 c.
313 1830 412 1878 Plinius
424 1830 525 1879 canon
536 1831 654 1895 Rufino
665 1833 691 1880 s.

145 1955 212 2016 Quid
227 1958 275 2022 agit
291 1957 400 2019 Cornum,
417 1968 464 2008 tun
481 1975 586 2025 meaeque
601 1961 708 2009 delicie?
725 1962 784 2024 quid

113 2024 272 2071 suburbanum
299 2024 498 2074 amenissimum?
523 2025 580 2089 quid
606 2025 647 2072 ills
670 2026 783 2089 porticus,

112 2100 182 2134 vernn
203 2091 311 2151 semper?
330 2089 386 2152 quid
408 2103 522 2141 onoratur
542 2089 709 2153 opacissimus?
725 2092 784 2154 quid

111 2148 215 2214 Euripus
226 2151 303 2200 viridis
313 2162 336 2200 et
346 2153 481 2216 gemmeus?
497 2154 554 2217 quid
565 2156 680 2216 subjectus
696 2162 719 2202 et
735 2170 784 2204 ser·

111 2213 175 2262 viens
185 2216 269 2263 lacus?
285 2215 342 2279 quid
358 2217 398 2265 illu
410 2217 495 2279 mollis,
507 2227 530 2266 et
540 2227 618 2266 tomen
633 2219 714 2277 solida,
731 2236 783 2282 ges-

111 2277 188 2327 tatio?
205 2281 262 2343 quid
276 2281 386 2330 balneum
402 2281 470 2340 illud,
481 2283 544 2346 quod
554 2283 670 2346 plurimus
687 2284 721 2331 sol
736 2284 783 2332 im.

111 2341 161 2400 plet
176 2351 199 2391 et
215 2344 312 2394 circuit?
327 2345 385 2410 quid
401 2346 500 2394 triclinis
514 2346 556 2394 ills
570 2347 709 2411 popularia?
725 2349 783 2412 quid

110 2403 152 2453 illo
166 2410 311 2470 paucorum?
327 2410 385 2474 quid
400 2411 506 2459 cubiculo
515 2410 598 2459 diuma
608 2415 784 2477 nocturnoque?

110 2470 256 2532 possidentne
276 2483 308 2535 te,
330 2483 353 2522 et
373 2491 414 2539 per
435 2475 495 2524 vices
514 2475 666 2540 partiuntur?
682 2491 721 2537 cu,
743 2479 784 2538 (ut

111 2534 209 2596 solebas)
229 2538 354 2587 intentione
372 2540 405 2588 rei
421 2538 541 2589 familiaris
559 2541 679 2600 obeundae‚
697 2543 783 2592 crebris

111 2601 281 2652 excursionibus
294 2603 415 2653 avocatis?
442 2604 469 2653 si
481 2613 504 2654 te
518 2606 643 2669 possident,
653 2606 710 2655 felix
726 2609 782 2656 bes·

110 2668 193 2728 tueque
209 2681 245 2716 es:
263 2667 298 2717 sin
316 2666 403 2729 minus,
422 2682 484 2721 unus
504 2685 534 2720 eu
551 2671 638 2721 multis.
671 2670 736 2732 Quin
753 2679 782 2721 tu
