1718 3344
104 362 108 371 ι

449 376 452 384 ι

204 499 578 551 rurm1sr1su.v1u.a
674 495 720 544 aar
817 456 820 463 ⁸

52 625 248 706 (ΙΜῙΜῙΗΡΜΒ
259 639 330 679 utmt
342 634 498 703 (quamquam
500 626 663 690 indignatione,
670 623 723 686 qui·

52 689 723 823 ffiffismiszstitosts:

182 949 241 1015 (74)
260 954 289 1003 C·
304 955 401 1003 Plinius
420 952 553 999 Tacitosuo
569 951 596 998 S.

88 1077 175 1142 Neque
189 1089 217 1127 ut
229 1081 338 1144 magistro
351 1080 468 1142 magister,
481 1094 556 1142 neque
572 1086 599 1124 ut
612 1073 724 1138 discipulo

55 1141 191 1205 discipulus,
207 1146 252 1208 (sic
262 1145 324 1192 euim
339 1145 428 1204 scribis)
440 1143 480 1190 sed
490 1151 517 1190 ut
527 1140 638 1204 discipulo
649 1138 724 1200 magi-

57 1216 103 1253 ster
114 1211 179 1259 (nam
190 1216 216 1255 tu
226 1210 342 1272 magister,
352 1224 395 1271 ego
409 1216 501 1262 wutrss
519 1215 588 1269 atque
598 1205 650 1252 ideo
661 1212 687 1250 tu
698 1202 724 1252 itt

56 1269 160 1318 scholam
174 1287 274 1332 motas,
291 1289 334 1336 ego
346 1273 421 1321 adhuc
436 1271 566 1319 Saturnalia
575 1266 684 1328 extendo)
695 1265 724 1312 li·

55 1335 127 1382 brom
137 1334 225 1384 misisti.
243 1337 309 1384 Num
319 1337 385 1400 potui
391 1336 482 1398 lougius
490 1335 631 1397 hyperbaton
641 1331 724 1387 facere,

55 1407 129 1460 atque
138 1397 181 1446 hoo
191 1400 240 1462 ipso
250 1403 353 1463 probare,
364 1415 418 1448 eum
429 1414 477 1446 esse
487 1413 533 1456 me,
547 1397 587 1508 qui
597 1411 644 1443 non
655 1393 724 1442 modo

57 1461 167 1524 magister
184 1472 246 1520 tuus,
264 1465 305 1512 sed
322 1480 352 1512 ne
368 1463 493 1527 discipulus
509 1463 550 1525 qui
566 1476 612 1518 em,
628 1461 724 1507 debeam

57 1524 124 1573 dici?
141 1525 237 1574 Sumam
247 1536 325 1576 tamen
340 1542 461 1592 personam
473 1525 592 1587 magistri;
609 1537 724 1571 exseram-

58 1604 105 1652 que
116 1588 141 1636 in
151 1589 237 1638 librum
250 1599 318 1639 tuum
329 1594 377 1654 jus,
394 1590 457 1654 quod
470 1589 567 1645 dedisti3
585 1603 611 1636 eo
622 1587 724 1644 liberius,

58 1669 107 1716 quo
117 1653 283 1703 nihileamois
292 1656 384 1704 interim
397 1654 508 1702 musurus
518 1667 571 1701 sum
581 1651 632 1712 tibi,
643 1651 668 1698 iu
678 1664 726 1714 quo

58 1725 83 1766 te
93 1717 215 1768 ulciscaris.
229 1719 296 1769 Vale.

186 1912 239 1976 (8.)
258 1916 286 1965 C.
298 1915 396 1963 Plinius
406 1915 512 1963 Romano
522 1925 564 1959 suo
572 1912 599 1959 S.

35 2038 37 2043 ’
74 2086 76 2090 .
91 2041 207 2090 Vidistine
218 2043 341 2107 aliquando
352 2044 498 2092 Clitumnum
512 2041 618 2088 fontem?
636 2037 727 2088 sirion-

58 2107 128 2165 dum‚
150 2108 184 2171 (et
202 2117 259 2170 puto
279 2108 395 2155 nondum:
418 2108 505 2170 alioqui
525 2105 638 2152 narrisses
655 2099 725 2161 milti)

59 2171 129 2225 vide:
145 2186 215 2234 quem
230 2187 272 2234 ego
285 2173 391 2235 (poeuitet
408 2169 529 2231 tarditatis)
550 2168 654 2232 proxime
671 2165 726 2214 vidi

59 2233 171 2283 Modicus
181 2235 245 2284 collis
255 2237 360 2298 assurgit,
371 2237 467 2301 antiqui
477 2249 584 2302 cupressu
595 2244 728 2280 nemorosus

59 2307 85 2346 et
94 2314 192 2362 opacus:
204 2299 270 2348 hunc
280 2302 357 2348 subter
367 2300 418 2348 t'ons
428 2299 484 2358 exit,
495 2310 518 2346 et
527 2297 664 2361 exprimitur
673 2293 727 2358 plu·

60 2362 128 2410 nlius
137 2363 208 2421 venis,
220 2363 259 2411 sed
272 2363 413 2427 imparibus;
431 2365 596 2425 eluctatusque,
606 2360 661 2408 facit
671 2374 726 2422 gur·

62 2425 145 2490 uitetur,
156 2428 198 2490 qui
208 2428 255 2475 lato
267 2428 353 2490 gremio
364 2429 458 2491 patescit
468 2441 540 2491 purus
555 2434 579 2473 et
594 2425 688 2481 vitreus,
699 2423 728 2469 ‘ut

60 2505 184 2539 numerare
195 2493 267 2552 jactas
283 2491 352 2554 stipes
362 2503 385 2540 et
395 2493 519 2540 relucentes
535 2489 633 2537 ealuilos
648 2485 727 2551 possis.

61 2554 132 2616 Inde,
143 2569 190 2603 non
201 2555 245 2603 loci
255 2556 390 2614 devexitate,
401 2556 441 2604 sed
450 2555 501 2618 ipsi
510 2553 546 2602 sui
557 2551 621 2615 cupid
630 2565 653 2600 et
662 2550 729 2615 quasi

61 2619 172 2682 pondere,
189 2620 322 2682 impellitur.
350 2621 412 2668 Fons
422 2620 506 2682 adhuc,
523 2619 604 2679 etjam
614 2613 729 2680 amplissi-

62 2697 131 2732 mum
139 2683 235 2743 flumen,
246 2693 315 2746 atque
323 2683 391 2731 uiam
402 2685 496 2732 navium
503 2683 600 2746 patiens,
612 2697 677 2744 quas,
688 2680 730 2725 ob·

62 2745 113 2794 vias
124 2763 224 2811 quoque,
239 2756 262 2794 et
277 2749 388 2796 contrario
399 2748 451 2794 nisu
464 2749 490 2794 iu
505 2747 593 2794 civem
603 2745 728 2799 tendentes,

62 2811 199 2858 monitat
208 2820 231 2859 et
241 2812 339 2875 periens
359 2812 415 2863 adeo
425 2812 521 2869 validus,
533 2819 559 2857 ut
569 2809 610 2856 int
620 2809 666 2871 qud
677 2820 738 2869 prof

61 2883 130 2938 perat
139 2875 196 2938 ipse,
207 2891 349 2939 quamquam
357 2891 397 2938 per
403 2876 477 2923 solum
489 2875 594 2937 planum,
605 2873 673 2920 remis
683 2884 730 2915 uon

62 2937 200 2999 adjuratum
211 2939 271 2987 idem
282 2940 401 3003 aegerrime
410 2939 482 2990 reum
491 2938 746 3048 mutisquemperemr

56 3001 172 3051 adimus.
189 3003 331 3056 Jucuudum
338 3016 474 3075 utrumque
480 3000 653 3074 periocuaulu
667 3005 767 3056 uti-tw
