<?xml version="1.0" encoding="UTF-8"?>
<!DOCTYPE html PUBLIC "-//W3C//DTD XHTML 1.0 Transitional//EN"
    "http://www.w3.org/TR/xhtml1/DTD/xhtml1-transitional.dtd">
<html xmlns="http://www.w3.org/1999/xhtml" xml:lang="en" lang="en">
 <head>
  <title>
</title>
<meta http-equiv="Content-Type" content="text/html;charset=utf-8" />
  <meta name='ocr-system' content='tesseract 3.04.00' />
  <meta name='ocr-capabilities' content='ocr_page ocr_carea ocr_par ocr_line ocrx_word'/>
</head>
<body>
  <div class='ocr_page' id='page_1' title='image "./cpliniicciliise00plingoog_0156.png"; bbox 0 0 1718 3344; ppageno 0'>
   <div class='ocr_carea' id='block_1_1' title="bbox 200 468 739 528">
    <p class='ocr_par' dir='ltr' id='par_1_1' title="bbox 200 468 739 528">
     <span class='ocr_line' id='line_1_1' title="bbox 200 468 739 528; baseline 0.002 -2"><span class='ocrx_word' id='word_1_1' title='bbox 200 468 204 477; x_wconf 80' lang='grc'><em>’</em></span> <span class='ocrx_word' id='word_1_2' title='bbox 230 475 343 527; x_wconf 79' lang='lat' dir='ltr'>PLINII</span> <span class='ocrx_word' id='word_1_3' title='bbox 364 474 473 527; x_wconf 75' lang='lat' dir='ltr'>nels&#39;r.</span> <span class='ocrx_word' id='word_1_4' title='bbox 487 478 519 527; x_wconf 91' lang='lat' dir='ltr'>V.</span> <span class='ocrx_word' id='word_1_5' title='bbox 538 479 575 526; x_wconf 76' lang='lat' dir='ltr'>ts.</span> <span class='ocrx_word' id='word_1_6' title='bbox 692 479 739 528; x_wconf 78' lang='lat' dir='ltr'>ltu</span> 
     </span>
    </p>
   </div>
   <div class='ocr_carea' id='block_1_2' title="bbox 62 605 742 783">
    <p class='ocr_par' dir='ltr' id='par_1_2' title="bbox 62 605 742 783">
     <span class='ocr_line' id='line_1_2' title="bbox 62 605 742 671; baseline 0 -17"><span class='ocrx_word' id='word_1_7' title='bbox 62 619 173 664; x_wconf 77' lang='lat' dir='ltr'>munere,</span> <span class='ocrx_word' id='word_1_8' title='bbox 183 621 265 656; x_wconf 82' lang='lat' dir='ltr'>verum</span> <span class='ocrx_word' id='word_1_9' title='bbox 273 606 342 655; x_wconf 81' lang='lat' dir='ltr'>etism</span> <span class='ocrx_word' id='word_1_10' title='bbox 349 607 431 666; x_wconf 83' lang='lat' dir='ltr'>xeniis,</span> <span class='ocrx_word' id='word_1_11' title='bbox 439 621 529 671; x_wconf 79' lang='lat' dir='ltr'>semper</span> <span class='ocrx_word' id='word_1_12' title='bbox 536 607 651 656; x_wconf 82' lang='lat' dir='ltr'>abstinui!</span> <span class='ocrx_word' id='word_1_13' title='bbox 664 605 742 670; x_wconf 87' lang='lat' dir='ltr'>Opor-</span> 
     </span>
     <span class='ocr_line' id='line_1_3' title="bbox 62 669 740 783; baseline 0.001 -65"><span class='ocrx_word' id='word_1_14' title='bbox 62 678 101 718; x_wconf 86' lang='lat' dir='ltr'>tet</span> <span class='ocrx_word' id='word_1_15' title='bbox 112 669 214 734; x_wconf 73' lang='lat' dir='ltr'>quidun,</span> <span class='ocrx_word' id='word_1_16' title='bbox 226 687 280 783; x_wconf 67' lang='lat' dir='ltr'>pua</span> <span class='ocrx_word' id='word_1_17' title='bbox 294 680 349 720; x_wconf 88' lang='lat' dir='ltr'>sunt</span> <span class='ocrx_word' id='word_1_18' title='bbox 363 671 492 730; x_wconf 76' lang='lat' dir='ltr'>mhonesm,</span> <span class='ocrx_word' id='word_1_19' title='bbox 508 687 555 720; x_wconf 89' lang='lat' dir='ltr'>non</span> <span class='ocrx_word' id='word_1_20' title='bbox 569 672 635 735; x_wconf 85' lang='lat' dir='ltr'>quasi</span> <span class='ocrx_word' id='word_1_21' title='bbox 651 670 740 730; x_wconf 84' lang='lat' dir='ltr'>illicita,</span> 
     </span>
    </p>
   </div>
   <div class='ocr_carea' id='block_1_3' title="bbox 44 733 742 1249">
    <p class='ocr_par' dir='ltr' id='par_1_3' title="bbox 62 733 741 799">
     <span class='ocr_line' id='line_1_4' title="bbox 62 733 741 799; baseline 0.001 -17"><span class='ocrx_word' id='word_1_22' title='bbox 62 733 107 782; x_wconf 85' lang='lat' dir='ltr'>sed</span> <span class='ocrx_word' id='word_1_23' title='bbox 118 734 184 799; x_wconf 83' lang='lat' dir='ltr'>quasi</span> <span class='ocrx_word' id='word_1_24' title='bbox 193 751 226 799; x_wconf 90' lang='lat' dir='ltr'>pu</span> <span class='ocrx_word' id='word_1_25' title='bbox 243 735 311 795; x_wconf 86' lang='lat' dir='ltr'>ends,</span> <span class='ocrx_word' id='word_1_26' title='bbox 322 735 408 784; x_wconf 74' lang='lat' dir='ltr'>vitares</span> <span class='ocrx_word' id='word_1_27' title='bbox 417 736 549 796; x_wconf 86' lang='lat' dir='ltr'>jucundum</span> <span class='ocrx_word' id='word_1_28' title='bbox 559 744 647 794; x_wconf 89' lang='lat' dir='ltr'>tamen,</span> <span class='ocrx_word' id='word_1_29' title='bbox 659 734 678 784; x_wconf 89' lang='lat' dir='ltr'>si</span> <span class='ocrx_word' id='word_1_30' title='bbox 688 750 741 798; x_wconf 87' lang='lat' dir='ltr'>prc-</span> 
     </span>
    </p>

    <p class='ocr_par' dir='ltr' id='par_1_4' title="bbox 44 798 742 1249">
     <span class='ocr_line' id='line_1_5' title="bbox 44 798 741 875; baseline 0.003 -29"><span class='ocrx_word' id='word_1_31' title='bbox 44 798 141 847; x_wconf 63' lang='lat' dir='ltr'>nsueti</span> <span class='ocrx_word' id='word_1_32' title='bbox 156 800 248 863; x_wconf 82' lang='lat' dir='ltr'>publice</span> <span class='ocrx_word' id='word_1_33' title='bbox 262 800 348 860; x_wconf 84' lang='lat' dir='ltr'>rideas,</span> <span class='ocrx_word' id='word_1_34' title='bbox 357 799 420 875; x_wconf 76' lang='lat' dir='ltr'>quod</span> <span class='ocrx_word' id='word_1_35' title='bbox 436 813 557 864; x_wconf 90' lang='lat' dir='ltr'>nunquam</span> <span class='ocrx_word' id='word_1_36' title='bbox 568 800 611 848; x_wconf 90' lang='lat' dir='ltr'>tibi</span> <span class='ocrx_word' id='word_1_37' title='bbox 626 800 676 864; x_wconf 87' lang='lat' dir='ltr'>ipse</span> <span class='ocrx_word' id='word_1_38' title='bbox 687 815 741 862; x_wconf 84' lang='lat' dir='ltr'>per·</span> 
     </span>
     <span class='ocr_line' id='line_1_6' title="bbox 60 862 742 927; baseline 0 -15"><span class='ocrx_word' id='word_1_39' title='bbox 60 862 162 912; x_wconf 87' lang='lat' dir='ltr'>miseris.</span> <span class='ocrx_word' id='word_1_40' title='bbox 186 864 352 920; x_wconf 58' lang='lat' dir='ltr'>Eritfortasm</span> <span class='ocrx_word' id='word_1_41' title='bbox 368 879 498 913; x_wconf 87' lang='lat' dir='ltr'>unmnnon</span> <span class='ocrx_word' id='word_1_42' title='bbox 509 864 589 922; x_wconf 82' lang='lat' dir='ltr'>dubie,</span> <span class='ocrx_word' id='word_1_43' title='bbox 606 864 678 926; x_wconf 89' lang='lat' dir='ltr'>hujus</span> <span class='ocrx_word' id='word_1_44' title='bbox 687 878 742 927; x_wconf 88' lang='lat' dir='ltr'>pru·</span> 
     </span>
     <span class='ocr_line' id='line_1_7' title="bbox 59 926 739 992; baseline 0 -16"><span class='ocrx_word' id='word_1_45' title='bbox 59 926 133 992; x_wconf 85' lang='lat' dir='ltr'>positi</span> <span class='ocrx_word' id='word_1_46' title='bbox 149 928 196 976; x_wconf 90' lang='lat' dir='ltr'>mei</span> <span class='ocrx_word' id='word_1_47' title='bbox 214 938 238 977; x_wconf 87' lang='lat' dir='ltr'>et</span> <span class='ocrx_word' id='word_1_48' title='bbox 255 928 333 976; x_wconf 86' lang='lat' dir='ltr'>minor</span> <span class='ocrx_word' id='word_1_49' title='bbox 348 930 408 988; x_wconf 87' lang='lat' dir='ltr'>laus,</span> <span class='ocrx_word' id='word_1_50' title='bbox 425 937 448 976; x_wconf 88' lang='lat' dir='ltr'>et</span> <span class='ocrx_word' id='word_1_51' title='bbox 463 930 581 978; x_wconf 87' lang='lat' dir='ltr'>obscurior</span> <span class='ocrx_word' id='word_1_52' title='bbox 594 929 668 991; x_wconf 81' lang='lat' dir='ltr'>sama,</span> <span class='ocrx_word' id='word_1_53' title='bbox 685 943 739 976; x_wconf 89' lang='lat' dir='ltr'>curn</span> 
     </span>
     <span class='ocr_line' id='line_1_8' title="bbox 59 992 740 1058; baseline 0.001 -19"><span class='ocrx_word' id='word_1_54' title='bbox 59 1006 145 1040; x_wconf 83' lang='lat' dir='ltr'>omnes</span> <span class='ocrx_word' id='word_1_55' title='bbox 154 1007 185 1041; x_wconf 82' lang='lat' dir='ltr'>ex</span> <span class='ocrx_word' id='word_1_56' title='bbox 195 993 328 1042; x_wconf 85' lang='lat' dir='ltr'>necessitate</span> <span class='ocrx_word' id='word_1_57' title='bbox 337 993 430 1051; x_wconf 84' lang='lat' dir='ltr'>facient,</span> <span class='ocrx_word' id='word_1_58' title='bbox 441 994 504 1058; x_wconf 90' lang='lat' dir='ltr'>quod</span> <span class='ocrx_word' id='word_1_59' title='bbox 520 1009 563 1056; x_wconf 84' lang='lat' dir='ltr'>ego</span> <span class='ocrx_word' id='word_1_60' title='bbox 578 1003 661 1056; x_wconf 89' lang='lat' dir='ltr'>sponte</span> <span class='ocrx_word' id='word_1_61' title='bbox 670 992 740 1040; x_wconf 86' lang='lat' dir='ltr'>faeie-</span> 
     </span>
     <span class='ocr_line' id='line_1_9' title="bbox 58 1054 738 1120; baseline 0.003 -16"><span class='ocrx_word' id='word_1_62' title='bbox 58 1057 125 1104; x_wconf 85' lang='lat' dir='ltr'>bam.</span> <span class='ocrx_word' id='word_1_63' title='bbox 143 1054 241 1106; x_wconf 85' lang='lat' dir='ltr'>Interim</span> <span class='ocrx_word' id='word_1_64' title='bbox 249 1057 314 1105; x_wconf 77' lang='lat' dir='ltr'>t&#39;ruor</span> <span class='ocrx_word' id='word_1_65' title='bbox 323 1058 449 1120; x_wconf 73' lang='lat' dir='ltr'>voluptate,</span> <span class='ocrx_word' id='word_1_66' title='bbox 460 1073 514 1105; x_wconf 92' lang='lat' dir='ltr'>cum</span> <span class='ocrx_word' id='word_1_67' title='bbox 524 1058 565 1105; x_wconf 92' lang='lat' dir='ltr'>alii</span> <span class='ocrx_word' id='word_1_68' title='bbox 575 1057 680 1106; x_wconf 83' lang='lat' dir='ltr'>divinum</span> <span class='ocrx_word' id='word_1_69' title='bbox 690 1071 738 1116; x_wconf 87' lang='lat' dir='ltr'>me,</span> 
     </span>
     <span class='ocr_line' id='line_1_10' title="bbox 58 1119 737 1197; baseline 0.003 -29"><span class='ocrx_word' id='word_1_70' title='bbox 58 1119 101 1168; x_wconf 83' lang='lat' dir='ltr'>alii</span> <span class='ocrx_word' id='word_1_71' title='bbox 111 1120 170 1168; x_wconf 84' lang='lat' dir='ltr'>meis</span> <span class='ocrx_word' id='word_1_72' title='bbox 180 1122 277 1197; x_wconf 80' lang='lat' dir='ltr'>rapinis,</span> <span class='ocrx_word' id='word_1_73' title='bbox 288 1136 346 1170; x_wconf 77' lang='lat' dir='ltr'>mese</span> <span class='ocrx_word' id='word_1_74' title='bbox 353 1121 455 1170; x_wconf 78' lang='lat' dir='ltr'>avaritie</span> <span class='ocrx_word' id='word_1_75' title='bbox 465 1137 594 1184; x_wconf 84' lang='lat' dir='ltr'>occursum,</span> <span class='ocrx_word' id='word_1_76' title='bbox 602 1139 645 1186; x_wconf 85' lang='lat' dir='ltr'>per</span> <span class='ocrx_word' id='word_1_77' title='bbox 653 1123 737 1170; x_wconf 89' lang='lat' dir='ltr'>ludum</span> 
     </span>
     <span class='ocr_line' id='line_1_11' title="bbox 58 1186 385 1249; baseline 0 -15"><span class='ocrx_word' id='word_1_78' title='bbox 58 1199 87 1234; x_wconf 84' lang='lat' dir='ltr'>se</span> <span class='ocrx_word' id='word_1_79' title='bbox 94 1187 176 1249; x_wconf 85' lang='lat' dir='ltr'>jocum</span> <span class='ocrx_word' id='word_1_80' title='bbox 186 1186 299 1235; x_wconf 73' lang='lat' dir='ltr'>dictitam.</span> <span class='ocrx_word' id='word_1_81' title='bbox 318 1186 385 1236; x_wconf 82' lang='lat' dir='ltr'>Vele.</span> 
     </span>
    </p>
   </div>
   <div class='ocr_carea' id='block_1_4' title="bbox 185 1378 605 1461">
    <p class='ocr_par' dir='ltr' id='par_1_5' title="bbox 185 1378 605 1461">
     <span class='ocr_line' id='line_1_12' title="bbox 185 1378 605 1461; baseline 0 -34"><span class='ocrx_word' id='word_1_82' title='bbox 185 1378 256 1461; x_wconf 75' lang='lat'>(15.)</span> <span class='ocrx_word' id='word_1_83' title='bbox 275 1381 303 1430; x_wconf 77' lang='lat' dir='ltr'>C·</span> <span class='ocrx_word' id='word_1_84' title='bbox 315 1382 414 1429; x_wconf 77' lang='lat' dir='ltr'>Plinius</span> <span class='ocrx_word' id='word_1_85' title='bbox 425 1383 513 1430; x_wconf 78' lang='lat' dir='ltr'>Pontio</span> <span class='ocrx_word' id='word_1_86' title='bbox 524 1396 567 1429; x_wconf 81' lang='lat' dir='ltr'>ruo</span> <span class='ocrx_word' id='word_1_87' title='bbox 579 1383 605 1430; x_wconf 84' lang='lat' dir='ltr'>S.</span> 
     </span>
    </p>
   </div>
   <div class='ocr_carea' id='block_1_5' title="bbox 52 1503 736 3054">
    <p class='ocr_par' dir='ltr' id='par_1_6' title="bbox 52 1503 736 3054">
     <span class='ocr_line' id='line_1_13' title="bbox 88 1503 736 1574; baseline -0.002 -15"><span class='ocrx_word' id='word_1_88' title='bbox 88 1503 232 1559; x_wconf 82' lang='lat' dir='ltr'>Secesseram</span> <span class='ocrx_word' id='word_1_89' title='bbox 246 1509 271 1557; x_wconf 88' lang='lat' dir='ltr'>in</span> <span class='ocrx_word' id='word_1_90' title='bbox 287 1510 450 1574; x_wconf 88' lang='lat' dir='ltr'>municipium,</span> <span class='ocrx_word' id='word_1_91' title='bbox 462 1525 517 1560; x_wconf 88' lang='lat' dir='ltr'>cum</span> <span class='ocrx_word' id='word_1_92' title='bbox 528 1510 589 1557; x_wconf 89' lang='lat' dir='ltr'>mihi</span> <span class='ocrx_word' id='word_1_93' title='bbox 601 1510 736 1558; x_wconf 86' lang='lat' dir='ltr'>nuntiatum</span> 
     </span>
     <span class='ocr_line' id='line_1_14' title="bbox 56 1573 736 1638; baseline 0 -16"><span class='ocrx_word' id='word_1_94' title='bbox 56 1583 100 1636; x_wconf 87' lang='lat' dir='ltr'>est,</span> <span class='ocrx_word' id='word_1_95' title='bbox 120 1573 252 1622; x_wconf 81' lang='lat' dir='ltr'>Cornutum</span> <span class='ocrx_word' id='word_1_96' title='bbox 276 1574 411 1623; x_wconf 83' lang='lat' dir='ltr'>Tertullum</span> <span class='ocrx_word' id='word_1_97' title='bbox 433 1574 546 1638; x_wconf 77' lang='lat' dir='ltr'>sucepisse</span> <span class='ocrx_word' id='word_1_98' title='bbox 567 1574 671 1622; x_wconf 83' lang='lat' dir='ltr'>AEmiliae</span> <span class='ocrx_word' id='word_1_99' title='bbox 692 1575 736 1622; x_wconf 82' lang='lat' dir='ltr'>viae</span> 
     </span>
     <span class='ocr_line' id='line_1_15' title="bbox 55 1637 735 1713; baseline -0.001 -26"><span class='ocrx_word' id='word_1_100' title='bbox 55 1654 146 1688; x_wconf 78' lang='lat' dir='ltr'>curam.</span> <span class='ocrx_word' id='word_1_101' title='bbox 170 1637 309 1713; x_wconf 72' lang='lat' dir='ltr'>Exprimere</span> <span class='ocrx_word' id='word_1_102' title='bbox 323 1653 370 1686; x_wconf 90' lang='lat' dir='ltr'>non</span> <span class='ocrx_word' id='word_1_103' title='bbox 380 1653 485 1702; x_wconf 87' lang='lat' dir='ltr'>possum,</span> <span class='ocrx_word' id='word_1_104' title='bbox 496 1647 584 1701; x_wconf 86' lang='lat' dir='ltr'>quanto</span> <span class='ocrx_word' id='word_1_105' title='bbox 594 1638 638 1686; x_wconf 87' lang='lat' dir='ltr'>sim</span> <span class='ocrx_word' id='word_1_106' title='bbox 649 1639 735 1701; x_wconf 76' lang='lat' dir='ltr'>gaudio</span> 
     </span>
     <span class='ocr_line' id='line_1_16' title="bbox 54 1701 736 1766; baseline -0.004 -14"><span class='ocrx_word' id='word_1_107' title='bbox 54 1703 161 1762; x_wconf 81' lang='lat' dir='ltr'>affectus,</span> <span class='ocrx_word' id='word_1_108' title='bbox 173 1711 196 1750; x_wconf 87' lang='lat' dir='ltr'>et</span> <span class='ocrx_word' id='word_1_109' title='bbox 211 1702 283 1766; x_wconf 78' lang='lat' dir='ltr'>ipsius</span> <span class='ocrx_word' id='word_1_110' title='bbox 297 1712 320 1751; x_wconf 90' lang='lat' dir='ltr'>et</span> <span class='ocrx_word' id='word_1_111' title='bbox 335 1717 388 1750; x_wconf 84' lang='lat' dir='ltr'>meo</span> <span class='ocrx_word' id='word_1_112' title='bbox 404 1701 513 1757; x_wconf 75' lang='lat' dir='ltr'>nominer</span> <span class='ocrx_word' id='word_1_113' title='bbox 530 1701 611 1764; x_wconf 86' lang='lat' dir='ltr'>ipsius,</span> <span class='ocrx_word' id='word_1_114' title='bbox 623 1702 693 1764; x_wconf 83' lang='lat' dir='ltr'>quod.</span> <span class='ocrx_word' id='word_1_115' title='bbox 705 1704 736 1749; x_wconf 88' lang='lat' dir='ltr'>sit</span> 
     </span>
     <span class='ocr_line' id='line_1_17' title="bbox 55 1765 735 1828; baseline -0.003 -14"><span class='ocrx_word' id='word_1_116' title='bbox 55 1768 119 1825; x_wconf 83' lang='lat' dir='ltr'>licet,</span> <span class='ocrx_word' id='word_1_117' title='bbox 131 1765 190 1814; x_wconf 90' lang='lat' dir='ltr'>sicut</span> <span class='ocrx_word' id='word_1_118' title='bbox 200 1775 242 1826; x_wconf 85' lang='lat' dir='ltr'>est,</span> <span class='ocrx_word' id='word_1_119' title='bbox 251 1766 352 1816; x_wconf 89' lang='lat' dir='ltr'>abomni</span> <span class='ocrx_word' id='word_1_120' title='bbox 360 1765 486 1814; x_wconf 77' lang='lat' dir='ltr'>ambitione</span> <span class='ocrx_word' id='word_1_121' title='bbox 495 1766 564 1828; x_wconf 87' lang='lat' dir='ltr'>longe</span> <span class='ocrx_word' id='word_1_122' title='bbox 575 1775 685 1823; x_wconf 86' lang='lat' dir='ltr'>remotus,</span> <span class='ocrx_word' id='word_1_123' title='bbox 694 1765 735 1812; x_wconf 89' lang='lat' dir='ltr'>de·</span> 
     </span>
     <span class='ocr_line' id='line_1_18' title="bbox 54 1828 734 1906; baseline -0.007 -26"><span class='ocrx_word' id='word_1_124' title='bbox 54 1834 94 1880; x_wconf 87' lang='lat' dir='ltr'>bet</span> <span class='ocrx_word' id='word_1_125' title='bbox 105 1841 184 1906; x_wconf 76' lang='lat' dir='ltr'>tamen</span> <span class='ocrx_word' id='word_1_126' title='bbox 195 1832 217 1880; x_wconf 93' lang='lat' dir='ltr'>ei</span> <span class='ocrx_word' id='word_1_127' title='bbox 224 1831 343 1892; x_wconf 88' lang='lat' dir='ltr'>jucundus</span> <span class='ocrx_word' id='word_1_128' title='bbox 354 1846 403 1879; x_wconf 88' lang='lat' dir='ltr'>esse</span> <span class='ocrx_word' id='word_1_129' title='bbox 413 1831 487 1878; x_wconf 89' lang='lat' dir='ltr'>honor</span> <span class='ocrx_word' id='word_1_130' title='bbox 497 1829 560 1877; x_wconf 87' lang='lat' dir='ltr'>ultro</span> <span class='ocrx_word' id='word_1_131' title='bbox 571 1828 655 1887; x_wconf 79' lang='lat' dir='ltr'>datus3</span> <span class='ocrx_word' id='word_1_132' title='bbox 672 1843 734 1904; x_wconf 70' lang='lat' dir='ltr'>meo3</span> 
     </span>
     <span class='ocr_line' id='line_1_19' title="bbox 55 1892 735 2024; baseline -0.006 -16"><span class='ocrx_word' id='word_1_133' title='bbox 55 1895 353 2024; x_wconf 49' lang='lat' dir='ltr'>dindimi</span> <span class='ocrx_word' id='word_1_134' title='bbox 360 1892 735 2021; x_wconf 63' lang='lat' dir='ltr'>uttmtsttutet</span> 
     </span>
     <span class='ocr_line' id='line_1_20' title="bbox 55 2022 734 2088; baseline -0.006 -15"><span class='ocrx_word' id='word_1_135' title='bbox 55 2025 119 2073; x_wconf 87' lang='lat' dir='ltr'>enim</span> <span class='ocrx_word' id='word_1_136' title='bbox 134 2025 213 2088; x_wconf 87' lang='lat' dir='ltr'>augeri</span> <span class='ocrx_word' id='word_1_137' title='bbox 224 2024 344 2088; x_wconf 80' lang='lat' dir='ltr'>dignitate,</span> <span class='ocrx_word' id='word_1_138' title='bbox 355 2039 427 2088; x_wconf 90' lang='lat' dir='ltr'>quam</span> <span class='ocrx_word' id='word_1_139' title='bbox 444 2023 531 2088; x_wconf 72' lang='lat' dir='ltr'>[equari</span> <span class='ocrx_word' id='word_1_140' title='bbox 547 2022 622 2078; x_wconf 90' lang='lat' dir='ltr'>bonis,</span> <span class='ocrx_word' id='word_1_141' title='bbox 638 2022 734 2086; x_wconf 86' lang='lat' dir='ltr'>gratius.</span> 
     </span>
     <span class='ocr_line' id='line_1_21' title="bbox 55 2087 732 2153; baseline -0.006 -15"><span class='ocrx_word' id='word_1_142' title='bbox 55 2090 161 2138; x_wconf 84' lang='lat' dir='ltr'>Cornuto</span> <span class='ocrx_word' id='word_1_143' title='bbox 174 2101 251 2137; x_wconf 86' lang='lat' dir='ltr'>autem</span> <span class='ocrx_word' id='word_1_144' title='bbox 262 2088 320 2152; x_wconf 91' lang='lat' dir='ltr'>quid</span> <span class='ocrx_word' id='word_1_145' title='bbox 335 2089 438 2138; x_wconf 80' lang='lat' dir='ltr'>melius?</span> <span class='ocrx_word' id='word_1_146' title='bbox 456 2087 514 2153; x_wconf 87' lang='lat' dir='ltr'>quid</span> <span class='ocrx_word' id='word_1_147' title='bbox 530 2087 648 2136; x_wconf 78' lang='lat' dir='ltr'>sanctius?</span> <span class='ocrx_word' id='word_1_148' title='bbox 665 2087 732 2150; x_wconf 86' lang='lat' dir='ltr'>quid,</span> 
     </span>
     <span class='ocr_line' id='line_1_22' title="bbox 54 2152 734 2220; baseline -0.004 -18"><span class='ocrx_word' id='word_1_149' title='bbox 54 2153 80 2202; x_wconf 90' lang='lat' dir='ltr'>in</span> <span class='ocrx_word' id='word_1_150' title='bbox 91 2153 157 2202; x_wconf 89' lang='lat' dir='ltr'>omni</span> <span class='ocrx_word' id='word_1_151' title='bbox 166 2168 250 2220; x_wconf 80' lang='lat' dir='ltr'>genere</span> <span class='ocrx_word' id='word_1_152' title='bbox 260 2153 344 2212; x_wconf 90' lang='lat' dir='ltr'>laudis,</span> <span class='ocrx_word' id='word_1_153' title='bbox 359 2153 390 2201; x_wconf 91' lang='lat' dir='ltr'>ad</span> <span class='ocrx_word' id='word_1_154' title='bbox 404 2154 524 2218; x_wconf 82' lang='lat' dir='ltr'>exemplar</span> <span class='ocrx_word' id='word_1_155' title='bbox 538 2152 682 2215; x_wconf 76' lang='lat' dir='ltr'>antiquitatis</span> <span class='ocrx_word' id='word_1_156' title='bbox 692 2167 734 2199; x_wconf 82' lang='lat' dir='ltr'>ex·</span> 
     </span>
     <span class='ocr_line' id='line_1_23' title="bbox 54 2216 734 2281; baseline -0.003 -15"><span class='ocrx_word' id='word_1_157' title='bbox 54 2217 175 2281; x_wconf 75' lang='lat' dir='ltr'>pressius?</span> <span class='ocrx_word' id='word_1_158' title='bbox 194 2217 257 2281; x_wconf 90' lang='lat' dir='ltr'>quod</span> <span class='ocrx_word' id='word_1_159' title='bbox 273 2218 332 2266; x_wconf 88' lang='lat' dir='ltr'>mihi</span> <span class='ocrx_word' id='word_1_160' title='bbox 348 2219 465 2281; x_wconf 85' lang='lat' dir='ltr'>cugnimm</span> <span class='ocrx_word' id='word_1_161' title='bbox 483 2226 518 2266; x_wconf 87' lang='lat' dir='ltr'>est</span> <span class='ocrx_word' id='word_1_162' title='bbox 533 2232 580 2266; x_wconf 93' lang='lat' dir='ltr'>non</span> <span class='ocrx_word' id='word_1_163' title='bbox 596 2216 669 2277; x_wconf 72' lang='lat' dir='ltr'>tamt,</span> <span class='ocrx_word' id='word_1_164' title='bbox 687 2216 734 2279; x_wconf 86' lang='lat' dir='ltr'>qui</span> 
     </span>
     <span class='ocr_line' id='line_1_24' title="bbox 54 2280 735 2347; baseline -0.004 -17"><span class='ocrx_word' id='word_1_165' title='bbox 54 2283 159 2347; x_wconf 85' lang='lat' dir='ltr'>alioquin</span> <span class='ocrx_word' id='word_1_166' title='bbox 176 2281 265 2346; x_wconf 79' lang='lat' dir='ltr'>optimi</span> <span class='ocrx_word' id='word_1_167' title='bbox 281 2290 305 2330; x_wconf 90' lang='lat' dir='ltr'>et</span> <span class='ocrx_word' id='word_1_168' title='bbox 318 2283 464 2330; x_wconf 77' lang='lat' dir='ltr'>meritissimi</span> <span class='ocrx_word' id='word_1_169' title='bbox 480 2282 574 2342; x_wconf 86' lang='lat' dir='ltr'>fruitur,</span> <span class='ocrx_word' id='word_1_170' title='bbox 597 2280 735 2344; x_wconf 79' lang='lat' dir='ltr'>sed·.longis</span> 
     </span>
     <span class='ocr_line' id='line_1_25' title="bbox 54 2345 734 2410; baseline -0.003 -16"><span class='ocrx_word' id='word_1_171' title='bbox 54 2346 194 2410; x_wconf 81' lang='lat' dir='ltr'>magnisque</span> <span class='ocrx_word' id='word_1_172' title='bbox 204 2346 373 2410; x_wconf 75' lang='lat' dir='ltr'>experimentis</span> <span class='ocrx_word' id='word_1_173' title='bbox 391 2347 447 2394; x_wconf 77' lang='lat' dir='ltr'>Uni</span> <span class='ocrx_word' id='word_1_174' title='bbox 452 2346 581 2410; x_wconf 78' lang='lat' dir='ltr'>diligimus,</span> <span class='ocrx_word' id='word_1_175' title='bbox 593 2345 641 2393; x_wconf 74' lang='lat' dir='ltr'>uni</span> <span class='ocrx_word' id='word_1_176' title='bbox 652 2345 734 2393; x_wconf 83' lang='lat' dir='ltr'>dilexi·</span> 
     </span>
     <span class='ocr_line' id='line_1_26' title="bbox 54 2411 733 2475; baseline -0.004 -15"><span class='ocrx_word' id='word_1_177' title='bbox 54 2426 109 2460; x_wconf 91' lang='lat' dir='ltr'>mus</span> <span class='ocrx_word' id='word_1_178' title='bbox 121 2426 203 2459; x_wconf 89' lang='lat' dir='ltr'>omnes</span> <span class='ocrx_word' id='word_1_179' title='bbox 213 2411 268 2470; x_wconf 86' lang='lat' dir='ltr'>fere,</span> <span class='ocrx_word' id='word_1_180' title='bbox 280 2427 339 2475; x_wconf 93' lang='lat' dir='ltr'>quos</span> <span class='ocrx_word' id='word_1_181' title='bbox 355 2419 409 2460; x_wconf 79' lang='lat' dir='ltr'>setas</span> <span class='ocrx_word' id='word_1_182' title='bbox 425 2420 504 2459; x_wconf 89' lang='lat' dir='ltr'>nostra</span> <span class='ocrx_word' id='word_1_183' title='bbox 518 2411 544 2458; x_wconf 93' lang='lat' dir='ltr'>in</span> <span class='ocrx_word' id='word_1_184' title='bbox 560 2418 659 2473; x_wconf 89' lang='lat' dir='ltr'>utruque</span> <span class='ocrx_word' id='word_1_185' title='bbox 676 2425 733 2458; x_wconf 83' lang='lat' dir='ltr'>sexu</span> 
     </span>
     <span class='ocr_line' id='line_1_27' title="bbox 53 2474 735 2539; baseline -0.003 -15"><span class='ocrx_word' id='word_1_186' title='bbox 53 2475 198 2524; x_wconf 81' lang='lat' dir='ltr'>remulantlos</span> <span class='ocrx_word' id='word_1_187' title='bbox 209 2476 279 2524; x_wconf 80' lang='lat' dir='ltr'>tulit:</span> <span class='ocrx_word' id='word_1_188' title='bbox 297 2491 350 2539; x_wconf 73' lang='lat' dir='ltr'>quae</span> <span class='ocrx_word' id='word_1_189' title='bbox 364 2475 459 2524; x_wconf 84' lang='lat' dir='ltr'>societas</span> <span class='ocrx_word' id='word_1_190' title='bbox 469 2474 623 2522; x_wconf 81' lang='lat' dir='ltr'>amicitiarum</span> <span class='ocrx_word' id='word_1_191' title='bbox 634 2474 735 2522; x_wconf 85' lang='lat' dir='ltr'>arctissi-</span> 
     </span>
     <span class='ocr_line' id='line_1_28' title="bbox 53 2537 731 2600; baseline -0.006 -12"><span class='ocrx_word' id='word_1_192' title='bbox 53 2540 95 2588; x_wconf 73' lang='lat' dir='ltr'>mi</span> <span class='ocrx_word' id='word_1_193' title='bbox 110 2555 154 2587; x_wconf 90' lang='lat' dir='ltr'>nos</span> <span class='ocrx_word' id='word_1_194' title='bbox 168 2539 324 2588; x_wconf 79' lang='lat' dir='ltr'>familiaritate</span> <span class='ocrx_word' id='word_1_195' title='bbox 339 2540 468 2600; x_wconf 84' lang='lat' dir='ltr'>conjunxit.</span> <span class='ocrx_word' id='word_1_196' title='bbox 489 2538 596 2587; x_wconf 73' lang='lat' dir='ltr'>necessit</span> <span class='ocrx_word' id='word_1_197' title='bbox 612 2537 731 2586; x_wconf 88' lang='lat' dir='ltr'>vinculum</span> 
     </span>
     <span class='ocr_line' id='line_1_29' title="bbox 52 2602 732 2668; baseline -0.001 -16"><span class='ocrx_word' id='word_1_198' title='bbox 52 2603 228 2653; x_wconf 82' lang='lat' dir='ltr'>necessitudinis</span> <span class='ocrx_word' id='word_1_199' title='bbox 244 2604 350 2668; x_wconf 69' lang='lat' dir='ltr'>publicae</span> <span class='ocrx_word' id='word_1_200' title='bbox 378 2602 445 2651; x_wconf 88' lang='lat' dir='ltr'>Idem</span> <span class='ocrx_word' id='word_1_201' title='bbox 462 2604 523 2651; x_wconf 89' lang='lat' dir='ltr'>enim</span> <span class='ocrx_word' id='word_1_202' title='bbox 541 2602 600 2650; x_wconf 89' lang='lat' dir='ltr'>mihi</span> <span class='ocrx_word' id='word_1_203' title='bbox 622 2604 660 2665; x_wconf 88' lang='lat' dir='ltr'>(ut</span> <span class='ocrx_word' id='word_1_204' title='bbox 677 2602 732 2665; x_wconf 88' lang='lat' dir='ltr'>scis)</span> 
     </span>
     <span class='ocr_line' id='line_1_30' title="bbox 53 2667 731 2733; baseline -0.004 -16"><span class='ocrx_word' id='word_1_205' title='bbox 53 2669 152 2732; x_wconf 79' lang='lat' dir='ltr'>collega,</span> <span class='ocrx_word' id='word_1_206' title='bbox 163 2668 231 2733; x_wconf 88' lang='lat' dir='ltr'>quasi</span> <span class='ocrx_word' id='word_1_207' title='bbox 241 2677 293 2716; x_wconf 85' lang='lat' dir='ltr'>voto</span> <span class='ocrx_word' id='word_1_208' title='bbox 304 2669 398 2731; x_wconf 82' lang='lat' dir='ltr'>petitus,</span> <span class='ocrx_word' id='word_1_209' title='bbox 410 2668 434 2715; x_wconf 91' lang='lat' dir='ltr'>in</span> <span class='ocrx_word' id='word_1_210' title='bbox 445 2668 580 2731; x_wconf 79' lang='lat' dir='ltr'>praesecturt</span> <span class='ocrx_word' id='word_1_211' title='bbox 589 2667 662 2715; x_wconf 80' lang='lat' dir='ltr'>aerarii</span> <span class='ocrx_word' id='word_1_212' title='bbox 670 2667 731 2724; x_wconf 66' lang='lat' dir='ltr'>fuitr</span> 
     </span>
     <span class='ocr_line' id='line_1_31' title="bbox 52 2731 733 2796; baseline -0.004 -15"><span class='ocrx_word' id='word_1_213' title='bbox 52 2733 100 2781; x_wconf 83' lang='lat' dir='ltr'>fuit</span> <span class='ocrx_word' id='word_1_214' title='bbox 116 2733 180 2780; x_wconf 88' lang='lat' dir='ltr'>etin</span> <span class='ocrx_word' id='word_1_215' title='bbox 196 2733 325 2780; x_wconf 75' lang='lat' dir='ltr'>consulatu.</span> <span class='ocrx_word' id='word_1_216' title='bbox 345 2733 410 2780; x_wconf 86' lang='lat' dir='ltr'>Tum</span> <span class='ocrx_word' id='word_1_217' title='bbox 421 2747 472 2796; x_wconf 85' lang='lat' dir='ltr'>ego,</span> <span class='ocrx_word' id='word_1_218' title='bbox 484 2733 526 2796; x_wconf 90' lang='lat' dir='ltr'>qui</span> <span class='ocrx_word' id='word_1_219' title='bbox 541 2731 575 2780; x_wconf 90' lang='lat' dir='ltr'>vir</span> <span class='ocrx_word' id='word_1_220' title='bbox 591 2738 615 2779; x_wconf 93' lang='lat' dir='ltr'>et</span> <span class='ocrx_word' id='word_1_221' title='bbox 631 2740 733 2794; x_wconf 90' lang='lat' dir='ltr'>quantus</span> 
     </span>
     <span class='ocr_line' id='line_1_32' title="bbox 52 2796 730 2860; baseline -0.004 -15"><span class='ocrx_word' id='word_1_222' title='bbox 52 2806 122 2854; x_wconf 85' lang='lat' dir='ltr'>esset,</span> <span class='ocrx_word' id='word_1_223' title='bbox 134 2797 244 2845; x_wconf 69' lang='lat' dir='ltr'>altissime</span> <span class='ocrx_word' id='word_1_224' title='bbox 253 2796 353 2860; x_wconf 79' lang='lat' dir='ltr'>inspexi,</span> <span class='ocrx_word' id='word_1_225' title='bbox 365 2811 418 2844; x_wconf 87' lang='lat' dir='ltr'>curn</span> <span class='ocrx_word' id='word_1_226' title='bbox 430 2812 536 2860; x_wconf 87' lang='lat' dir='ltr'>sequerer</span> <span class='ocrx_word' id='word_1_227' title='bbox 546 2805 573 2844; x_wconf 90' lang='lat' dir='ltr'>ut</span> <span class='ocrx_word' id='word_1_228' title='bbox 584 2796 730 2858; x_wconf 81' lang='lat' dir='ltr'>magistrum,</span> 
     </span>
     <span class='ocr_line' id='line_1_33' title="bbox 52 2859 731 2925; baseline -0.006 -15"><span class='ocrx_word' id='word_1_229' title='bbox 52 2871 82 2910; x_wconf 90' lang='lat' dir='ltr'>ut</span> <span class='ocrx_word' id='word_1_230' title='bbox 96 2869 216 2925; x_wconf 81' lang='lat' dir='ltr'>parentem</span> <span class='ocrx_word' id='word_1_231' title='bbox 230 2877 357 2915; x_wconf 79' lang='lat' dir='ltr'>revererer3</span> <span class='ocrx_word' id='word_1_232' title='bbox 375 2860 438 2924; x_wconf 85' lang='lat' dir='ltr'>quud</span> <span class='ocrx_word' id='word_1_233' title='bbox 452 2875 499 2907; x_wconf 88' lang='lat' dir='ltr'>nnn</span> <span class='ocrx_word' id='word_1_234' title='bbox 510 2870 558 2908; x_wconf 83' lang='lat' dir='ltr'>tam</span> <span class='ocrx_word' id='word_1_235' title='bbox 570 2859 643 2907; x_wconf 67' lang='lat' dir='ltr'>artatis</span> <span class='ocrx_word' id='word_1_236' title='bbox 654 2869 731 2906; x_wconf 87' lang='lat' dir='ltr'>matu·</span> 
     </span>
     <span class='ocr_line' id='line_1_34' title="bbox 52 2923 732 3000; baseline -0.006 -26"><span class='ocrx_word' id='word_1_237' title='bbox 52 2927 131 2985; x_wconf 77' lang='lat' dir='ltr'>ritate,</span> <span class='ocrx_word' id='word_1_238' title='bbox 143 2941 214 3000; x_wconf 76' lang='lat' dir='ltr'>quam</span> <span class='ocrx_word' id='word_1_239' title='bbox 227 2926 287 2983; x_wconf 81' lang='lat' dir='ltr'>vitae,</span> <span class='ocrx_word' id='word_1_240' title='bbox 299 2927 436 2972; x_wconf 83' lang='lat' dir='ltr'>merebatur.</span> <span class='ocrx_word' id='word_1_241' title='bbox 458 2925 504 2973; x_wconf 88' lang='lat' dir='ltr'>His</span> <span class='ocrx_word' id='word_1_242' title='bbox 515 2941 544 2973; x_wconf 81' lang='lat' dir='ltr'>ex</span> <span class='ocrx_word' id='word_1_243' title='bbox 556 2924 639 2982; x_wconf 83' lang='lat' dir='ltr'>causis,</span> <span class='ocrx_word' id='word_1_244' title='bbox 650 2931 677 2971; x_wconf 87' lang='lat' dir='ltr'>ut</span> <span class='ocrx_word' id='word_1_245' title='bbox 688 2923 732 2977; x_wconf 87' lang='lat' dir='ltr'>illi,</span> 
     </span>
     <span class='ocr_line' id='line_1_35' title="bbox 53 2987 731 3054; baseline -0.01 -14"><span class='ocrx_word' id='word_1_246' title='bbox 53 2990 87 3040; x_wconf 86' lang='lat' dir='ltr'>sic</span> <span class='ocrx_word' id='word_1_247' title='bbox 97 2988 157 3038; x_wconf 81' lang='lat' dir='ltr'>mihi</span> <span class='ocrx_word' id='word_1_248' title='bbox 167 2990 275 3054; x_wconf 81' lang='lat' dir='ltr'>gratulor,</span> <span class='ocrx_word' id='word_1_249' title='bbox 290 3004 332 3037; x_wconf 89' lang='lat' dir='ltr'>nec</span> <span class='ocrx_word' id='word_1_250' title='bbox 343 2989 450 3052; x_wconf 85' lang='lat' dir='ltr'>privatim</span> <span class='ocrx_word' id='word_1_251' title='bbox 461 2990 536 3052; x_wconf 84' lang='lat' dir='ltr'>magis</span> <span class='ocrx_word' id='word_1_252' title='bbox 546 3002 618 3051; x_wconf 79' lang='lat' dir='ltr'>quant</span> <span class='ocrx_word' id='word_1_253' title='bbox 629 2987 731 3050; x_wconf 82' lang='lat' dir='ltr'>pubiice,</span> 
     </span>
    </p>
   </div>
   <div class='ocr_carea' id='block_1_6' title="bbox 0 0 864 3344">
    <p class='ocr_par' dir='ltr' id='par_1_7' title="bbox 0 0 864 3344">
     <span class='ocr_line' id='line_1_36' title="bbox 0 0 864 3344; baseline 0 2"><span class='ocrx_word' id='word_1_254' title='bbox 0 0 864 3344; x_wconf 95' lang='lat' dir='ltr'> </span> 
     </span>
    </p>
   </div>
  </div>
 </body>
</html>
