1718 3344
91 125 137 173 130
254 126 368 175 PlrINll
392 125 500 174 EPIST.
517 126 551 174 V.
570 127 611 173 16.

89 254 153 317 quod
165 255 263 313 ,tandem
275 254 381 303 homines
398 269 445 303 non
461 254 492 302 ed
506 254 614 319 pericula
633 257 674 309 (ut
693 220 697 229 Ι
717 252 721 263 ”

91 335 172 369 verum
183 319 214 369 aul
223 319 329 380 honores,
341 319 426 367 inuste
437 318 584 383 perveniunt.
611 317 645 365 In
656 318 682 365 iu
700 317 721 365 ru‘

89 383 211 447 epistolam
221 384 355 444 extendam,
366 384 386 431 si
395 384 481 447 gaudio
489 398 543 431 meo
549 383 703 447 iudulgeam.
713 382 722 429 l

76 458 164 497 .vertor
179 449 210 497 ed
224 464 260 506 eo,
276 465 329 512 quae
344 464 384 496 me
400 456 509 511 egentem
524 447 565 495 hic
579 446 721 495 nuntiussle

87 512 175 561 heudit.
191 514 264 561 Eram
275 528 330 561 oum
340 528 459 577 prosocero
464 527 534 573 inem
553 527 621 560 eram
632 526 692 560 oum
702 526 721 559 n

89 579 184 634 uxorin
199 592 262 625 eram
270 592 324 624 cum
334 577 414 625 enticis
425 577 465 624 diu
476 576 629 634 desideratis3
647 574 721 625 circui

89 642 189 704 urgellen
206 641 329 688 audiebam
339 642 442 689 multum
452 641 592 689 rustioorum
603 640 721 705 querelnn

88 704 187 753 rationes
196 704 302 767 legebam
312 705 398 754 invitus
409 715 432 753 et
442 705 527 754 cursim
534 705 673 759 (oliiseninr
679 704 721 753 ebs

88 769 140 825 otiis
150 769 282 818 sumliteris
291 769 418 828 initiams):
435 785 549 834 oeperunt
560 769 634 818 etium
646 768 721 817 iunen'

88 849 231 896 prosperarer
248 848 304 881 nam
314 834 419 881 includor
430 833 542 897 angustiis
552 836 718 883 commentis:

90 913 138 960 que
151 899 210 961 ipso,
226 898 288 962 quod
305 898 437 959 delegatum
449 899 553 946 Cornuto
569 897 643 946 audio
660 896 721 947 offid

90 960 138 1008 mei
153 963 285 1010 admoneor.
308 962 383 1024 Cupio
400 971 423 1010 te
438 978 531 1027 quoque
548 965 592 1010 sub
602 962 671 1010 idem
681 971 721 1011 ten

94 1022 226 1089 campania
244 1036 285 1074 tun
301 1026 413 1087 remittat,
435 1042 465 1075 ue
483 1027 544 1092 quis,
561 1042 618 1075 eum
639 1028 667 1075 in
682 1028 721 1077 Ur

89 1089 186 1151 rediero,
197 1090 346 1140 contubernio
357 1104 435 1140 nostro
445 1091 493 1140 dies
503 1099 590 1155 pereat.
606 1091 681 1141 Vale.

190 1284 261 1347 (16.)
280 1287 308 1335 C.
320 1286 419 1334 Plinius
429 1285 574 1334 Marcellino
584 1299 628 1332 suo
639 1288 677 1369 S.¹

121 1415 280 1465 Tristissimus
290 1415 340 1464 hnc
350 1412 393 1463 tui
407 1413 490 1474 scribo,
507 1413 618 1462 Fundani
633 1417 710 1466 nostri

88 1480 178 1529 minore
188 1480 314 1538 defuncti3
343 1479 374 1528 ul
384 1477 463 1543 puelli
472 1478 532 1526 nihil
540 1494 648 1542 unquam
656 1481 721 1531 festis

89 1545 220 1604 amabilius,
231 1560 275 1593 nec
285 1560 309 1591 m
340 1561 354 1592 o
364 1543 468 1606 longiore
479 1543 534 1602 viti,
544 1543 584 1590 sed
592 1559 667 1608 prope
674 1546 721 1595 imn

88 1610 177 1657 tolitete
187 1609 288 1671 dignius,
300 1608 354 1655 vidi
379 1607 493 1655 Nondum
507 1623 580 1657 annos
591 1610 721 1672 quatuorde

88 1673 232 1735 impleverat,
248 1672 334 1732 etjam
348 1671 384 1719 illi
400 1672 468 1720 anilis
483 1672 617 1736 prudentia,
632 1685 721 1725 matror

88 1735 188 1799 gravisus
198 1743 261 1790 erot;
279 1744 302 1782 et
312 1743 391 1782 tomen
401 1737 501 1785 suavitas
511 1737 623 1801 puellaris
633 1740 721 1789 cumvi

86 1799 136 1847 nuli
145 1796 287 1846 verecundi&
307 1799 343 1847 Ut
353 1800 395 1847 illa
404 1800 476 1863 petris
486 1801 612 1851 cervicibus
622 1803 721 1855 inhaeru

88 1871 116 1911 ut
125 1878 167 1910 nos
177 1862 262 1911 omioos
272 1872 379 1926 paternos
390 1874 414 1913 et
430 1875 535 1914 amanter
549 1875 572 1913 et
588 1867 721 1919 modestes

88 1927 244 1991 pleotebeturl
262 1936 290 1976 ut
304 1929 405 1978 nutrices
418 1938 442 1978 et
457 1930 604 1994 pedagogos,
623 1940 651 1979 ut
665 1950 721 1997 praet

77 2002 156 2052 ¹tores,
167 2007 210 2056 pro
220 2008 261 2040 suo
272 2009 389 2058 quemque
396 1994 479 2054 officio,
491 1995 618 2058 diligebat!
633 2013 721 2060 quam:

89 2057 161 2116 (liose,
172 2072 244 2120 quom
254 2057 408 2123 intelligenter
417 2059 550 2107 lectitabat!
569 2070 596 2107 ut
610 2076 683 2124 paroe
693 2078 721 2111 ou

88 2121 183 2185 iliteque
192 2122 288 2170 ludebat
297 2125 305 2171 l
318 2122 365 2188 qui
372 2124 413 2171 illu
421 2121 580 2187 temperantii,
590 2125 639 2188 qui
647 2127 721 2190 petia

106 2184 136 2233 ui
147 2186 216 2234 etiam
227 2189 363 2247 constantii,
371 2188 520 2237 novissimam
529 2188 689 2239 valetudinem
697 2200 721 2240 tu

119 2250 188 2298 ediois
194 2253 370 2316 obsequebatur,
378 2268 485 2309 sororem,
493 2261 584 2317 patrem
590 2252 721 2305 adhoruba

88 2314 721 2445 lllllielitd‘illllulllmbulili

87 2457 130 2491 neo
140 2454 181 2493 out
190 2444 264 2507 spatio
272 2445 418 2506 valetudinis,
429 2455 542 2493 autmetu
553 2447 644 2508 mortis,
656 2448 721 2499 inne

89 2516 139 2565 est3
152 2524 200 2572 quo
211 2510 288 2571 plures
299 2511 459 2575 gravioresque
467 2511 533 2558 nobis
541 2526 621 2559 oousss
629 2513 721 2578 relinqu

86 2580 110 2620 et
124 2573 229 2622 desiderii
242 2582 266 2622 et
279 2573 371 2623 doloris.
397 2575 420 2623 0
435 2575 499 2623 triste
514 2575 592 2638 plane,
610 2580 721 2627 noerbunr

86 2637 173 2688 funus!
186 2638 210 2688 0
222 2646 295 2688 morte
306 2638 357 2703 ipsis
367 2640 447 2690 mortis
457 2648 550 2705 tempus
560 2639 696 2706 indignius!
708 2642 721 2691 l
