1718 3344
226 456 340 507 Pthil
363 457 470 508 EPIST.
487 460 548 508 vil.
565 464 590 508 t.
690 466 737 513 169

63 587 111 636 hae
122 586 198 646 nubi,
214 593 241 633 ut
254 595 278 634 te
287 586 387 635 solitudo
396 587 499 637 delectet.
523 590 569 638 Sed
580 590 637 653 quid
647 591 734 656 impru-

64 653 134 709 dens,
145 666 215 726 quem
229 665 321 698 evocore
336 666 413 710 conor,
425 653 534 701 retardo?
557 655 663 703 Fortasse
674 657 735 704 enim

63 716 103 763 his
120 716 175 779 ipsu
188 714 326 775 moneris,
342 724 369 762 ut
383 724 406 763 te
421 717 496 779 magis
511 734 537 766 sc
553 720 627 782 magis
643 721 689 768 otio
702 721 737 766 in·

63 781 160 836 volvnsr
177 779 240 843 quod
250 793 293 841 ego
302 793 349 826 non
360 781 476 844 abrumpi,
488 782 527 830 sed
537 784 665 843 intermitti,
677 786 736 832 volo.

63 845 101 894 Ut
111 845 183 902 enim,
192 844 212 892 si
222 857 310 892 coeuom
321 843 364 890 tibi
373 844 480 903 facerem,
491 846 597 896 dulcibus
607 848 664 896 cibis
673 864 737 897 acres

62 907 480 1020 eclqrctqmuqffimisogffioqqums
490 911 550 1025 11qu⁰
548 922 571 960 et
580 912 675 988 oblitus,
686 923 733 961 sto·

63 987 189 1085 nnis
202 986 276 1100 gii,
285 1035 339 1084 ss
352 986 735 1104 „siffredum

64 1101 130 1159 ribus
140 1101 240 1149 oondios.
257 1099 325 1149 Vale.

198 1291 252 1358 (i)
272 1297 299 1344 C·
312 1296 409 1343 Plinius
420 1298 507 1344 Potitio
518 1313 559 1347 tuo
570 1301 595 1347 S.

96 1423 144 1471 An
164 1422 245 1487 lcgime
266 1432 289 1472 te
311 1424 511 1488 hendecasyllabos
535 1443 612 1477 meos:
638 1430 734 1494 requiris

62 1488 137 1536 etiem
154 1487 351 1550 quemadmodum
368 1490 474 1552 coeperim
491 1491 596 1552 seribere,
614 1493 691 1554 homo,
708 1505 735 1541 ut

63 1553 109 1600 tibi
117 1551 205 1611 videor,
213 1567 311 1610 severus,
320 1562 347 1601 ut
354 1554 403 1617 ipse
411 1554 489 1607 fateor.
498 1570 544 1602 non
552 1556 649 1620 ineptus.
668 1559 735 1605 Nun·

63 1632 139 1680 quem
155 1631 171 1663 a
185 1617 273 1680 pois‘tice
288 1618 368 1682 (sitim
383 1619 446 1666 enim
460 1618 573 1682 repetem)
585 1621 673 1668 alienus
684 1621 734 1672 fui:

63 1682 124 1745 quin
135 1680 214 1739 etiarn,
225 1682 397 1745 qustpordecim
408 1690 477 1730 natus
487 1697 566 1737 annos,
576 1684 681 1731 Graecum
690 1694 736 1733 trs-

62 1745 167 1808 goedinm
184 1745 269 1808 scripsi.
287 1749 305 1776 “
315 1746 417 1805 Qualem
426 1745 454 1793 ?’'
471 1747 555 1810 inquis.
573 1748 672 1795 Nescio:
691 1757 737 1796 tro·

62 1809 143 1873 godis
153 1811 283 1858 vocabatur.
305 1809 375 1869 Mox,
390 1826 453 1867 cum,
469 1826 482 1857 e
497 1811 581 1858 militii
597 1812 693 1868 rediens,
710 1813 735 1859 in

64 1873 145 1922 Icarii
153 1871 310 1922 insiliveris
320 1874 441 1931 detinerer,
450 1875 546 1922 Latinos
556 1876 631 1938 elegos
641 1877 665 1922 in
677 1877 736 1924 illud

63 1938 146 2002 ipsum
155 1952 228 1997 mure,
235 1938 356 2002 ipsamque
365 1939 475 1995 insulam,
486 1939 537 1986 feci.
552 1941 672 2003 Expertus
683 1957 735 1989 sum

63 2018 105 2050 me
121 2001 248 2065 aliquando
264 2012 289 2051 et
303 2002 388 2059 heroo3
406 2003 599 2067 hendecasyllabis
613 2019 675 2053 nunc
688 2007 736 2069 pri-

62 2081 150 2122 mumr
168 2081 267 2130 quorum
277 2067 315 2114 hic
325 2069 415 2127 nimiis,
425 2069 474 2116 haec
481 2083 549 2116 cause
557 2078 597 2117 est.
615 2070 737 2132 Legebnn.

63 2141 105 2179 tur
115 2131 142 2177 in
153 2130 295 2178 Laurentino
305 2131 363 2178 mihi
377 2132 430 2179 libri
440 2133 518 2180 Asinii
528 2134 592 2182 Galli
604 2134 633 2181 de
643 2149 736 2198 compe-

63 2195 154 2242 rstione
163 2194 234 2259 patris
244 2204 267 2243 et
277 2194 407 2244 Ciceronis:
423 2196 504 2253 incidit
517 2198 660 2260 epigramma
671 2199 735 2246 Cice-

63 2259 128 2306 ronis
145 2259 170 2306 in
186 2258 296 2306 Tironem
313 2275 397 2306 suum:
417 2260 479 2319 dein,
496 2276 550 2308 cum
566 2263 661 2310 meridie
677 2266 735 2316 (erat

63 2323 130 2371 enim
141 2321 218 2383 aestos)
227 2322 367 2371 dormiturus
375 2338 414 2372 me
421 2325 563 2387 recepissem
571 2340 612 2374 uec
618 2328 735 2389 obreperet

63 2402 177 2445 somnus3
189 2387 247 2451 coepi
257 2396 369 2450 reputare,
380 2388 493 2436 maximos
504 2391 655 2438 oratoreshoc
665 2390 735 2437 studii

63 2466 141 2515 genus
160 2462 185 2500 et
202 2451 227 2498 in
244 2451 432 2500 oblectationibus
449 2452 565 2512 habuisse,
582 2463 605 2501 et
623 2456 648 2502 in
666 2454 735 2501 leude

63 2515 177 2579 pomisne.
202 2515 296 2564 Intendi
318 2516 440 2573 animums
460 2525 583 2581 contraque
603 2517 735 2582 opinionem

62 2595 154 2639 mecm,
164 2587 217 2644 post
231 2579 325 2643 longam
336 2581 517 2639 desuetudinem,
529 2597 569 2645 per
585 2598 641 2630 uem
651 2582 736 2644 exiguo

63 2643 549 2768 fflmfflw’ffliffum'qmime
590 2647 736 2696 scribendum

164 2724 218 2758 vera
294 2724 352 2758 versi
368 2725 396 2758 us
407 2724 512 2758 umam:

64 2835 306 2887 cnmuuroenonr
335 2839 500 2901 umquem
510 2839 649 2902 ueprius
740 2806 743 2811 ’

63 2901 308 2951 Austrsdeciomone
381 2903 665 2969 pumanqneoeensqne,

64 2965 192 3016 Lascivum
200 2965 280 3016 inveni
287 2967 368 3018 iusum
380 2967 511 3035 Ciceronis,
523 2980 548 3022 et
555 2968 604 3020 iiio

572 3050 596 3088 α
