1718 3344
191 444 635 522 ru1u11rnnucraicus.ss.
683 471 730 524 ess

62 614 125 647 unco
138 607 161 648 et
175 601 267 662 ignibus
278 600 385 664 expiavit.
412 599 515 648 Demens
525 601 573 659 ille,
584 601 678 664 verique
688 601 730 648 ho·

63 664 127 712 noris
137 665 238 728 ignarus,
253 665 295 728 qui
311 664 406 711 crimina
420 666 545 724 majestatis
554 665 580 712 in
590 663 659 712 areni
668 666 731 712 tolli-

62 730 142 790 gebat,
160 745 186 776 ac
196 745 220 776 se
229 729 315 792 despici
325 736 348 775 et
358 729 482 785 contemni,
500 729 544 776 nisi
559 729 627 776 etism
643 729 731 792 gladia·

63 804 125 839 tores
135 794 184 853 ejus
194 807 361 848 veneraremur,
378 792 421 838 sibi
435 792 541 839 maledici
555 794 581 839 in
596 793 650 851 illis,
665 808 731 840 suam

62 855 217 914 divinitatem,
235 872 304 904 suum
320 870 407 903 numen
421 856 509 914 violari,
526 857 731 920 interpretabaturr

62 935 119 968 cum
127 937 151 968 se
161 921 223 968 idem
233 920 297 984 quod
307 919 378 979 Deos,
396 918 457 966 idem
472 920 607 983 gladiatores
624 921 687 984 quod
697 936 730 981 se,

64 986 169 1047 putabat.

97 1049 166 1107 (34.)
181 1049 217 1095 At
234 1059 269 1107 tu,
288 1048 372 1107 Caesar,
391 1064 462 1111 quam
476 1049 600 1112 pulchrum
615 1058 731 1113 spectacu-

62 1112 115 1160 lum
142 1127 167 1160 ro
183 1113 224 1160 illo
239 1113 304 1160 nobis
320 1114 452 1160 exsecrabili
461 1113 593 1162 reddidisti!
622 1115 732 1163 Vidimus

62 1176 80 1224 d
167 1192 192 1224 m
201 1175 323 1236 judicium,
335 1176 400 1239 quasi
410 1186 571 1240 grassatam,
587 1179 653 1242 quasi
662 1179 732 1226 latro-

63 1255 132 1288 num.
160 1241 215 1288 Non
227 1241 373 1288 solitudinem
383 1241 427 1297 illi,
438 1255 485 1288 non
495 1242 546 1300 iter,
558 1243 597 1289 sed
607 1243 731 1306 templum,

61 1305 104 1352 sed
114 1305 200 1363 forum,
211 1304 346 1351 insederant
362 1305 437 1357 Nulla
443 1307 492 1364 jam
500 1313 635 1354 testamenta
644 1322 730 1366 secure,

63 1368 152 1416 nullius
162 1376 234 1415 status
244 1377 333 1415 certus:
352 1382 398 1415 non
409 1369 502 1426 orbitas,
518 1384 564 1416 non
574 1370 640 1417 liberi
649 1366 731 1433 prode-

63 1440 124 1480 rant.
141 1433 247 1479 Auxerat
256 1431 396 1482 haemulum
407 1432 542 1494 Principum
553 1433 653 1481 avaritia.
678 1435 732 1482 Ad·

58 1496 152 1544 perusti
169 1496 262 1552 oculos;
280 1505 358 1558 atque,
378 1504 404 1542 ut
422 1504 475 1543 ante
492 1497 577 1551 castris,
599 1497 631 1543 ita
651 1507 731 1560 postes

61 1575 144 1623 pacem
154 1559 204 1607 foro
212 1560 343 1608 reddidisti:
357 1559 472 1608 exscidisti
481 1559 615 1606 intestinum
625 1562 731 1620 malum;

62 1634 87 1672 et
97 1624 193 1687 providi
203 1624 320 1672 severitate
330 1623 416 1681 cavisti,
433 1638 463 1670 ne
472 1623 569 1670 fundata
578 1623 667 1685 legibus
678 1625 733 1672 ciri.

62 1697 100 1736 tas
111 1703 187 1736 eversa
196 1688 286 1750 legibus
294 1687 413 1735 videretur.
427 1687 493 1734 Licet
499 1701 560 1749 erge,
568 1702 622 1734 cum
630 1687 731 1749 fortuna,

63 1760 118 1800 tum
128 1752 250 1799 liberalitas
261 1761 302 1799 tua
312 1751 404 1798 visenda
414 1751 480 1797 nobis
493 1751 624 1813 praebuerit,
637 1757 665 1798 ut
674 1768 733 1815 prae-

63 1815 125 1874 buit,
136 1831 198 1863 nunc
208 1815 310 1878 ingentia
318 1817 399 1862 robora
406 1813 513 1869 morum,
525 1823 620 1878 etpares
628 1815 732 1874 animos3

64 1895 129 1927 nunc
146 1879 314 1927 immanitatem
330 1879 439 1935 ferarum,
456 1893 518 1926 nune
531 1880 732 1928 mansuetudinem

64 1943 221 2006 incognitam
238 1958 300 1990 nunc
317 1951 412 1990 secretas
428 1941 480 1989 illus
496 1952 519 1990 et
534 1958 635 2003 arcanm,
652 1948 732 1994 acsub

64 2017 89 2055 te
108 2007 210 2070 primum
229 2021 362 2054 communes
378 2021 447 2068 opes3
464 2007 523 2054 nihil
539 2015 616 2055 tamen
636 2009 733 2072 gratius,

64 2071 126 2120 nihil
136 2071 219 2119 seculo
227 2071 329 2134 dignius,
338 2085 408 2134 quam
419 2070 482 2134 quod
489 2071 584 2134 contigit
593 2072 689 2136 desuper
699 2075 735 2123 in.

66 2136 128 2184 tueri
145 2135 274 2182 delatorum
294 2135 377 2198 supina
398 2150 445 2192 ora,
470 2143 609 2198 retortasque
630 2139 733 2187 cervices.

65 2201 258 2263 Agnoscebamus
268 2209 291 2247 et
300 2199 442 2257 fruebamur,
457 2215 519 2257 curn,
536 2200 599 2247 velut
608 2201 734 2263 piaculares

67 2264 168 2328 publicu
174 2263 332 2311 sollicitudinis
338 2262 444 2320 victime,
456 2279 525 2327 supra
533 2263 668 2326 sanguinem
676 2279 735 2313 nox-

66 2329 151 2382 iorum,
166 2327 197 2375 ad
210 2329 274 2374 lenta
283 2326 395 2390 supplicio
404 2327 563 2389 purioresque
615 2342 656 2374 nas
666 2328 735 2377 duce-

67 2400 155 2440 rentur.
170 2391 220 2439 Gon
271 2391 276 2401 “
286 2390 374 2438 suntin
381 2390 472 2453 navigia
482 2407 507 2438 ra
524 2391 566 2437 tim
575 2343 734 2458 fcinquisitaj

67 2471 96 2504 ac
106 2464 152 2503 tem
235 2457 279 2502 bus
288 2454 366 2502 dediti.
382 2455 490 2513 Abirent,
501 2407 652 2517 tingerentque
662 2466 737 2505 vaste-

67 2528 105 2568 tas
115 2518 268 2570 delationibus
283 2527 367 2566 terras:
385 2533 419 2576 ac,
438 2519 457 2566 si
471 2534 541 2582 quem
552 2519 635 2566 fluctus
645 2535 672 2567 ac
682 2537 735 2584 pro-

66 2584 133 2632 aelle
142 2582 240 2647 scopulis
250 2582 407 2641 roeervissent,
418 2582 456 2630 hic
466 2583 529 2630 nuda
539 2599 594 2630 saxa
604 2592 626 2632 et
636 2584 739 2650 inhospi.

67 2649 116 2696 tale
125 2648 181 2695 litus
190 2647 312 2695 incoleret:
330 2653 406 2708 ageret
416 2646 498 2694 duram
509 2655 532 2694 et
542 2648 735 2710 anxiamvitams

67 2711 195 2774 rdictbque
205 2719 257 2775 post
267 2720 358 2774 tergum
368 2709 438 2757 totius
448 2711 537 2773 generis
546 2710 643 2759 humani
653 2715 738 2761 securi.

68 2784 124 2830 tate,
135 2784 246 2823 moermet.

105 2833 176 2902 (35.)
194 2831 347 2887 Memoranda
364 2836 441 2896 iacies,
457 2838 586 2886 delatorum
602 2840 679 2888 classis
689 2855 741 2912 per-

69 2903 144 2951 missa
153 2903 261 2952 omnibus
271 2903 353 2961 ventis,
365 2909 490 2969 uanaque
504 2903 561 2952 uela
574 2905 762 2964 tempesta-nnus

64 2966 178 3028 partlm,
198 2967 316 3034 memeque
336 2969 425 3020 fluctus
445 2971 526 3036 sequi,
554 2975 733 3060 puerumque
746 2959 784 3002 ‘sn

52 3047 54 3051 *
560 3039 582 3078 ΕΗ
594 3045 612 3077 ἲ
