1718 3344
227 449 339 500 PLlNlI
356 450 608 503 PANEGYRICUS.
626 456 665 503 83·
729 458 776 506 366

99 580 132 626 de
147 580 259 643 cujusque
274 579 394 643 grovime,
409 582 536 641 sanctitate,
547 583 706 647 teupernus,
723 599 771 633 cre·

98 642 172 691 dimi.
189 644 255 692 Nom
262 644 315 709 quis
325 644 382 694 odeo
389 644 521 706 dissolutus,
532 647 599 707 cujus
612 661 659 695 non
674 663 771 712 occupe-

99 707 203 755 tionibus
213 707 292 772 nimus
301 708 386 772 species
395 708 519 758 oeveritetis
529 709 632 759 ineidat?
652 710 708 759 otio
717 727 771 776 pro·

97 771 186 819 dimur.
202 771 244 819 An
254 787 301 820 non
312 772 416 836 plerique
426 773 544 837 Principes
553 773 597 822 hoe
606 774 668 823 idem
679 783 771 851 tempus

97 836 124 882 in
136 836 219 895 uicem,
229 844 316 899 stupra,
322 836 416 894 luxum,
423 836 586 886 conferebant?
595 854 650 886 eum
660 854 770 888 imarum

96 900 233 948 lusmente
250 915 366 960 curarum,
382 900 491 952 vitiorum
506 902 658 964 contentione,
674 904 768 968 supple-

98 972 203 1091 mitiib)
220 1029 300 1078 Habet
315 1029 359 1078 hoc
376 1029 480 1094 primum
493 1031 689 1094 magnisonum,
706 1030 769 1108 quod

97 1092 268 1153 nihilteetum‚
284 1093 344 1142 nihil
359 1095 474 1143 occultum
494 1110 541 1143 esse
590 1094 660 1144 titssrt
678 1096 768 1145 Princi-

96 1157 357 1220 pumverononmodo
373 1159 463 1234 domos,
479 1157 519 1233 scd
532 1174 562 1207 ou
579 1159 584 1170 '
599 1159 639 1207 uin
653 1159 768 1233 ipsfinti·

96 1223 664 1360 ffisffifflmffifflffl
673 1239 768 1350 Ἒὲῒὲζ

95 1349 355 1398 ηἰὴιίωωηιωώῑὶυε
392 1350 586 1413 eritndglorsom‚
598 1366 668 1427 quom
723 1353 768 1403 ‘tus

94 1413 186 1476 inspici.
209 1415 270 1463 Sunt
287 1415 382 1479 quidem
398 1414 516 1479 predata,
535 1430 588 1489 quae
605 1430 630 1463 sn
646 1417 767 1479 pulicum

95 1477 199 1540 profem
216 1479 257 1527 sed
266 1494 313 1527 non
324 1479 414 1527 nnoorc
424 1494 459 1538 cc,
471 1494 524 1553 quc
533 1478 614 1527 hmine
624 1488 694 1529 tsncs.
721 1482 767 1531 Est

93 1542 256 1605 magnificum,
274 1543 337 1607 qnod
353 1552 376 1591 te
386 1545 415 1591 ab
425 1557 490 1591 omni
508 1542 642 1605 conngiooe
656 1543 765 1594 vitiorum

93 1606 201 1669 reprimis
211 1623 238 1655 ac
247 1623 353 1664 revocas3
371 1607 411 1655 scd
421 1605 612 1669 magnificentius,
630 1607 693 1670 quod
703 1616 762 1658 tuos.

93 1670 191 1730 Quanto
202 1671 265 1720 enim
275 1672 350 1735 magis
360 1671 459 1719 arduum
470 1678 504 1718 est
513 1669 570 1718 alios
579 1680 686 1734 prostare
694 1688 765 1735 quani

93 1750 135 1791 se3
154 1743 218 1783 tento
227 1735 374 1793 laudabilius,
393 1735 464 1799 quod,
482 1749 536 1782 eum
552 1734 561 1781 i
577 1751 601 1782 se
612 1735 642 1783 sis
653 1736 763 1799 optimus,

92 1813 174 1847 omnes
184 1799 243 1848 dice
253 1808 277 1848 te
287 1800 373 1850 similes
383 1797 524 1848 tuieffecisti.
571 1798 625 1848 ultis
636 1799 764 1851 illustribus

91 1861 198 1912 dedecori
207 1864 262 1923 suit,
276 1873 318 1913 eut
327 1862 478 1912 inconsultius
488 1878 547 1910 uxor
556 1871 666 1923 assumto,
677 1872 718 1912 out
728 1881 763 1914 rc-

92 1934 157 1975 tentu
208 1928 214 1939 ‘
245 1929 305 1977 tius:
322 1928 356 1976 itu
370 1928 426 1976 ioris
441 1927 513 1975 claros
529 1926 653 1976 domestico
662 1926 764 1978 destrue·

92 1991 150 2039 bet‘
178 1992 305 2052 emisset,
322 2006 353 2041 ne
369 1991 468 2040 maximi
484 1991 699 2053 civestubcrentm
718 1993 762 2044 hoc

92 2055 213 2117 efficiebat,
246 2057 294 2104 uod
306 2056 385 2105 mariti
394 2056 493 2104 minores
504 2064 574 2104 erunt.
602 2056 658 2104 Tibi
669 2058 762 2107 uxorin

90 2119 203 2168 dccuset
258 2121 400 2170 rismeedit.
427 2118 761 2180 Quidenimillisenotius?

87 2183 150 2248 *quid
160 2184 299 2248 antiquius?
316 2185 412 2246 Nonne,
431 2184 451 2233 si
469 2183 571 2248 pontifici
587 2185 691 2233 maximo
704 2185 762 2234 deli-

88 2247 168 2310 gends
183 2247 213 2296 sit
228 2250 323 2310 conjnx,
339 2257 380 2297 tut
395 2250 464 2310 hunc,
481 2256 522 2296 out
538 2248 647 2307 simdon,
657 2249 711 2307 (ubi
727 2259 761 2298 est

89 2320 170 2360 cutem
186 2311 301 2374 similini)
321 2313 432 2376 elegerit?
456 2311 536 2371 Quam
551 2310 592 2359 illu
608 2311 760 2362 nihilsibiex

88 2376 183 2425 fortuni
201 2377 251 2436 tui,
269 2377 313 2425 nisi
330 2377 452 2440 gaudium
472 2375 584 2423 vindicet!
608 2375 688 2436 Quem
707 2391 760 2424 con.

88 2448 185 2501 stanter,
201 2455 249 2489 non
265 2443 392 2505 potentiam
408 2449 482 2502 tuom,
501 2439 542 2488 scd
557 2438 634 2502 ipsum
650 2448 681 2498 te,
698 2456 761 2491 reve·

88 2505 165 2553 semri
184 2506 252 2554 Idem
263 2506 316 2554 estis
325 2506 432 2563 invicem,
444 2505 507 2580 quod
517 2503 609 2552 fuistis:
621 2504 722 2568 probatis
730 2522 759 2555 ex

88 2584 172 2632 aequot
197 2569 302 2634 nihilque
319 2571 383 2618 vobis
403 2570 498 2618 felicitas
514 2568 611 2628 rddidit,
633 2568 678 2617 nisi
697 2569 760 2633 qnod

87 2633 759 2761 ffifffilssdsiffmolffifflilifflffi

88 2761 215 2811 comitatui
233 2778 306 2826 quam
322 2715 395 2810 civilis
412 2761 516 2810 incessui
534 2761 616 2809 Mariti
632 2761 675 2810 hoc
691 2775 758 2825 opus,

88 2826 131 2888 qui
147 2825 180 2873 ita
193 2826 287 2886 imbuit,
302 2825 335 2874 ito
350 2824 463 2873 instituit:
481 2840 536 2873 nam
547 2825 614 2872 uxori
625 2824 708 2873 suffieit
717 2828 760 2875 ob-

131 2889 164 2937 uii
173 2891 254 2954 glorio.
267 2891 318 2950 An,
327 2889 475 2952 somnient,
485 2889 774 2954 quemmnullnstcnox„

83 2968 101 3002 n
162 2955 286 3009 comitetur
296 2955 405 3020 ambitio,
416 2971 467 3009 uon
475 2963 501 3008 et
509 2954 565 3021 iuss
576 2968 635 3062 me}
639 2949 793 3060 {discution-
