1718 3344
77 169 126 222 πο
236 162 350 212 rmurr
373 160 482 211 nrrsr.
499 160 533 210 rt
549 162 576 211 st

80 297 133 344 ideo
143 294 238 343 forsitan
249 292 360 340 Nioenses
371 292 459 352 majore
472 290 553 339 animo
563 304 584 340 α

81 357 309 423 ejusnggressisunt.
326 355 588 419 Sedoportetilloseoo

83 423 146 489 quod
167 423 239 487 possit
259 421 306 469 illis
327 420 436 468 suffioere.
464 419 531 478 Quid
549 419 593 468 cn

83 489 144 538 cirne
153 488 280 546 balineum,
291 485 354 549 quod
381 500 447 532 arum
458 485 497 548 (nt
507 483 597 544 scribis]

84 553 256 609 inchoaverunt,
268 501 411 599 suadenddm
426 549 463 608 sit,
475 558 501 596 tu
516 549 601 596 constit

85 616 139 665 tecti
154 615 197 663 tibi
212 615 289 662 deesse
304 629 351 661 non
367 623 477 676 possrmtr
503 612 606 676 nullon

86 696 140 745 quie
149 694 195 727 non
206 679 291 742 peritos
298 687 321 726 et
331 678 460 740 ingeniosos
466 676 573 725 homines
581 677 610 725 br

86 759 117 792 ne
133 743 257 801 existimes,
273 742 366 790 brevius
382 757 431 790 esse
443 743 474 789 eb
488 741 554 788 Urbe
569 741 614 790 mit

87 807 178 856 Grudi
188 807 258 855 etiem
268 805 298 853 ed
309 821 351 854 nos
361 806 438 855 venire
446 805 506 854 soliti
517 815 580 853 sunt.

153 1002 224 1065 (nt.)
242 1003 270 1051 C.
283 1002 383 1049 Plinius
397 1001 500 1064 Trojano
510 1002 631 1063 Insperati

122 1131 226 1179 Intuenti
240 1131 299 1179 mihi
316 1139 339 1178 et
359 1129 457 1177 fortune
478 1137 525 1177 tum
542 1138 565 1177 et
579 1130 640 1179 enin

89 1195 203 1255 tudinem,
226 1195 464 1244 convenientissimum
486 1193 585 1253 ridetur,
606 1195 644 1245 det

90 1276 160 1325 open
169 1276 216 1308 non
227 1261 305 1308 minus
319 1259 443 1307 eternitate
451 1257 502 1317 tui,
513 1275 584 1322 quem
596 1261 648 1322 glot

90 1333 252 1389 quantumque
266 1323 452 1389 pulchritudinis,
469 1331 560 1370 tantum
576 1325 653 1373 utilite

90 1399 150 1438 ture.
173 1389 217 1438 Est
233 1391 259 1438 in
276 1387 479 1437 Nicomedensium
498 1388 584 1435 linibus
601 1404 657 1454 em}

91 1454 169 1503 lesust
181 1455 290 1518 perhuuc
298 1468 421 1510 mnnnora,
429 1451 525 1506 fructus,
534 1452 608 1517 ligne,
620 1469 661 1502 me

91 1529 171 1568 sumtu
180 1520 270 1567 modico
278 1527 301 1566 et
307 1520 385 1566 labore
393 1532 465 1593 usque
474 1516 503 1591 nd
514 1518 664 1592 vismt‘nnvrb

91 1580 669 1711 ffititttnlnlltllonffinln

92 1711 161 1758 sthoe
166 1726 234 1773 porro
242 1726 288 1758 non
295 1711 392 1758 desunt:
404 1725 459 1757 nem
468 1710 520 1757 etin
527 1711 589 1773 egris
600 1726 669 1775 magn

92 1783 127 1822 est
135 1774 266 1833 hominum,
278 1783 301 1822 et
310 1775 413 1823 maxims
427 1775 452 1822 in
462 1774 567 1830 unitater
585 1785 669 1840 certsqr

92 1852 172 1886 omnes
186 1838 335 1887 libentissime
350 1854 493 1902 aggressuros
508 1853 567 1901 opus
577 1840 669 1888 omnibr

92 1912 194 1952 mosum.
212 1904 327 1968 Superest,
338 1914 366 1951 ut
373 1913 399 1951 tu
407 1904 546 1961 libratorem,
557 1903 595 1951 vel
603 1904 669 1952 urchi

93 1969 113 2017 si
123 1968 165 2016 tibi
176 1969 297 2024 videbitur,
308 1968 394 2027 mittes,
402 1969 443 2032 qui
452 1967 573 2030 diligenter
581 1969 669 2032 explort

93 2033 157 2081 lucus
167 2034 234 2082 altior
244 2034 311 2094 mari,
322 2048 393 2096 quern
407 2033 503 2080 artifices
513 2032 613 2094 regionis
623 2033 668 2095 huj

94 2098 200 2161 draginta
215 2098 297 2146 cubitis
310 2098 414 2145 altiorem
428 2112 476 2144 esse
485 2096 634 2144 contendunt.
660 2098 669 2145 l

94 2162 174 2209 eudem
190 2163 240 2210 locs
255 2162 346 2210 invenio
360 2161 446 2209 fossam
461 2176 476 2207 u
491 2176 544 2223 rege
557 2170 669 2224 percussu

93 2223 216 2283 incertum,
227 2235 306 2274 utrum
322 2226 351 2275 nd
365 2225 519 2289 colligendum
529 2223 669 2273 humorem«

91 2288 218 2349 jooentium
236 2306 353 2353 agrorum,
371 2306 400 2338 en
417 2290 447 2338 ed
462 2289 656 2337 committendum

93 2352 185 2427 intuma
203 2361 238 2401 est
251 2355 314 2401 enim
328 2354 475 2429 imperfectas
492 2354 536 2401 hoc
545 2369 639 2418 quoque
654 2354 669 2403 d

93 2423 226 2530 mi
232 2419 491 2547 &tillim
499 2417 669 2532 lilim

95 2543 138 2593 tul
147 2546 221 2609 glorii
230 2545 311 2596 incitor
321 2555 344 2596 et
353 2548 471 2609 eooendor,
479 2557 507 2596 ut
516 2548 609 2613 cupiam
619 2563 669 2614 port

93 2627 148 2682 qun
157 2620 251 2665 tuntum
261 2619 461 2679 ooepnuntreges.
