1718 3344
94 162 143 211 ala
234 157 348 213 PLINII
371 156 480 207 Emer.
497 156 577 205 vm.
595 158 636 205 lli.

95 280 770 413 llmffifflztlffldfflffl

98 418 162 468 enim
182 416 300 480 rdiquisse
316 432 372 479 opes
391 415 454 472 filie,
473 414 513 462 sed
530 414 671 475 reddidisse,
689 415 770 479 quibua

100 491 182 533 metus
189 497 230 545 per
238 480 310 529 filiam
317 480 400 527 fuerat.
411 480 474 527 Nam
482 478 597 526 Curtilius
605 479 714 537 Mancia,
722 494 770 542 per-

100 562 156 594 osus
166 560 276 608 generum
287 560 355 593 suum
369 542 502 592 Domitium
516 542 647 591 Lucanum
664 542 771 608 (futuis

101 611 188 668 Tulli),
204 611 247 657 sub
261 608 289 656 ei
297 607 508 657 conditionefiliam
518 607 578 667 ejus,
589 617 689 670 neptem
699 622 770 664 meur,

101 673 333 731 effeeerathreredem,
343 672 504 721 siessetmanu
512 670 586 734 patria
594 672 690 721 emissa.
707 671 770 720 Emi·

101 746 162 787 serat
172 746 251 801 palen
267 737 414 800 adoptaverat
422 744 533 799 patruus:
551 744 624 799 atque
635 737 671 784 ita
678 737 772 785 cleerm-

102 801 187 865 scripto
203 809 347 860 testamento,
362 816 453 848 musore
468 799 538 847 frater
553 799 580 846 in
590 801 770 865 patrispotesta·

102 873 151 915 tem
169 865 336 928 emancipatam
352 864 425 912 filiam
443 863 573 927 adoptionis
589 863 675 913 fraude
685 880 772 913 remea·

102 937 174 988 τεκαὶ,
185 938 210 977 et
219 929 315 992 quidem
324 944 378 977 mm
386 929 468 991 opibus
478 927 635 991 amplimimie.
653 930 712 977 Fuit
720 928 772 977 alie·

102 993 143 1057 qui
153 992 262 1040 fratribus
271 993 317 1041 illie
327 993 394 1056 quasi
400 994 449 1040 fato
456 992 546 1048 datum,
557 1001 586 1039 ut
593 992 679 1041 divites
686 994 770 1049 fierent,

102 1056 251 1115 invitissimis,
262 1073 277 1104 a
304 1057 371 1104 uibus
381 1056 436 1106 facti
445 1067 508 1104 sunt.
531 1055 599 1114 Quin
610 1057 684 1105 etiam
695 1056 772 1106 Domi·

104 1121 149 1168 tius
159 1121 227 1179 Aser,
238 1122 279 1185 qui
291 1122 296 1132 '
316 1121 373 1170 usin
381 1136 465 1170 nomen
472 1121 590 1179 assumsit,
601 1121 700 1186 reliqnit
709 1130 772 1170 testa·

103 1193 209 1233 mentum
230 1194 284 1233 aute
301 1194 391 1234 uomet
408 1185 488 1233 decem
504 1199 577 1233 annos
595 1195 771 1250 nuncupatum

104 1249 206 1316 adeoque
222 1259 301 1314 postea
317 1249 474 1313 improbatum
491 1249 544 1304 sibi,
562 1259 592 1298 ut
604 1251 680 1311 patris
696 1264 771 1298 eoram

103 1316 165 1363 bona
182 1314 341 1378 proscribenda
354 1314 473 1362 curaverit.
500 1313 564 1360 Mira
580 1314 645 1362 illius
656 1315 770 1379 asperim,

103 1380 164 1429 mira
179 1380 275 1428 felicius
290 1379 390 1435 horum3
405 1378 469 1426 illius
484 1377 602 1440 asperitas,
620 1379 664 1442 qui
680 1392 772 1427 numeru

103 1445 190 1493 civium
200 1444 292 1504 excidit,
304 1459 372 1507 quem
384 1442 471 1491 socium
482 1442 551 1489 etiam
559 1442 585 1489 in
593 1442 673 1491 liberis
680 1443 770 1497 habuit3

104 1509 199 1557 felicitas
209 1509 301 1566 horum,
313 1508 397 1571 quibus
404 1505 542 1555 successum
552 1506 631 1554 locum
641 1510 724 1570 patris,
734 1507 771 1618 pui

105 1582 195 1636 patrem
206 1573 336 1620 abstulerat
361 1572 406 1620 Sed
417 1572 465 1619 haec
476 1585 568 1633 quoque
577 1571 701 1620 haereditas
711 1574 735 1620 A
745 1572 769 1629 ri,

105 1645 133 1682 ut
149 1636 237 1697 reliqua
254 1650 307 1682 eum
324 1635 394 1682 fratre
410 1635 513 1698 quaesita²
533 1636 712 1684 transmittenda
728 1643 770 1684 erat

106 1699 160 1746 filie
174 1697 257 1755 fratris,
273 1714 288 1745 a
298 1713 345 1760 quo
360 1700 447 1747 Tullus
457 1710 492 1747 'ex
502 1713 552 1746 asse
561 1699 634 1747 haeres
644 1700 769 1758 institutus,

123 1763 258 1824 relatusque
269 1761 322 1808 filiae
332 1762 415 1823 fuerat,
426 1773 453 1810 ut
464 1763 627 1811 conciliaretur.
656 1765 714 1824 Quo
723 1766 770 1811 lau·

151 1826 205 1872 ilius
215 1833 378 1874 testamentum
389 1837 431 1887 est,
448 1827 510 1890 quod
519 1827 600 1890 pietas,
612 1827 680 1887 fides,
691 1830 770 1892 pudor,

106 1889 211 1952 scripsit3
228 1889 253 1936 in
267 1905 314 1953 quo
328 1890 427 1954 denique
437 1892 544 1939 omnibus
556 1891 718 1953 affinitatibus,
734 1908 772 1957 pro

106 1955 219 2017 cujusque
234 1954 316 2014 officio,
336 1957 410 2018 gratia
426 1957 498 2003 relata
514 1965 555 2015 est,
574 1956 648 2004 relata
665 1966 689 2005 et
700 1957 771 2007 uxori.

106 2018 204 2092 decepit
214 2020 378 2094 amoenissimas
393 2020 467 2078 villae,
478 2019 569 2095 'accepit
584 2035 697 2084 magnam
707 2038 773 2086 pecu·

105 2088 774 2216 ttdlzrttlttuttttffittttmffll

105 2211 192 2274 nupsit„
208 2213 273 2259 Nam
281 2214 372 2270 mulier,
380 2213 494 2261 natalibus
502 2213 569 2267 clera,
580 2214 686 2263 moribus
694 2219 773 2279 proba,

106 2281 172 2322 aetate
183 2276 283 2336 declivia,
294 2276 335 2324 diu
346 2278 424 2335 vidua,
440 2285 513 2324 mater
523 2277 588 2335 olim,
599 2294 684 2340 parum
693 2281 775 2329 desere

106 2349 183 2388 secuta
192 2341 364 2389 matrimonium
375 2342 495 2390 videbatur
503 2341 580 2388 divitis
595 2343 665 2402 senia,
678 2344 714 2392 ita
723 2361 775 2408 per·

105 2403 147 2451 diti
158 2406 246 2462 morbo,
257 2415 286 2453 ut
294 2421 342 2453 ease
353 2406 420 2454 taedio
427 2413 503 2469 posset
512 2405 588 2463 uxori,
600 2422 674 2469 quam
682 2410 774 2469 juvenis

105 2483 220 2532 sanusque
229 2469 338 2518 duxisset.
354 2470 449 2533 Quippe
459 2470 566 2517 omnibus
575 2472 688 2520 membris
698 2482 776 2522 extor-

105 2542 142 2582 tus
153 2542 176 2582 et
185 2533 277 2590 fractus,
287 2542 362 2582 tantas
369 2550 423 2597 opes
429 2534 560 2583 solisoeulis
567 2534 664 2594 obibam
676 2553 704 2586 ae
714 2538 774 2586 uein

102 2598 188 2650 tecum
198 2599 302 2666 quidem,
310 2598 356 2648 nisi
362 2601 392 2648 ab
402 2599 612 2656 aliiamsuelramr.
625 2600 694 2658 Quin
704 2603 774 2650 etiam

96 2666 198 2723 (dedum
216 2665 431 2731 miserandumque
443 2663 521 2717 didm
531 2661 737 2708 uenturam
742 2665 784 2707 m-

85 2736 228 2807 anansque
232 2737 370 2809 whom
378 2724 648 2786 Andrmmlrequmter
653 2720 800 2773 eximam

23 2912 34 2943 b
