1718 3344
140 126 188 181 ece
299 123 412 175 sumn
434 121 543 177 sslsu.
560 104 597 175 κ’
611 123 654 177 se

140 255 247 305 debeam.
264 250 816 317 memneetperservospubl‘wps·

141 334 193 367 rum
206 316 478 374 fidelitermstodimur,
494 317 815 380 enmexigumnmilitun

141 397 266 458 numerum
286 383 412 456 beccum
431 379 561 456 distringet.
594 382 698 431 Interim
720 381 816 458 public's

143 573 549 704 woemffiffipnmbimrllou
564 575 637 623 illim
652 575 818 640 hoeregerese

308 830 380 898 (si.)
401 833 520 897 Trojano
530 835 654 883 Pinus.

179 961 246 1009 Nihil
260 977 318 1025 opus
334 969 377 1021 est,
392 961 427 1009 mi
445 960 550 1013 Secunde
568 961 694 1023 carissime,
716 962 749 1011 ul
767 977 821 1013 mn·

147 1026 251 1075 mendas
271 1026 394 1086 custodias,
415 1027 493 1089 plnres
516 1026 685 1074 commilitones
711 1028 820 1076 converti.

148 1090 321 1138 Perseveremus
329 1090 354 1137 in
365 1091 392 1138 ei
402 1089 574 1148 consuetudine,
582 1107 636 1154 quae
646 1091 685 1139 isti
695 1092 822 1154 provincie

148 1163 190 1213 est,
201 1163 229 1201 ut
238 1170 280 1218 per
289 1155 393 1218 publicos
403 1169 478 1203 servos
488 1153 652 1203 custodimnrr.
674 1155 784 1216 Etenim,
794 1164 822 1205 ut

147 1218 245 1267 fideliter
260 1219 304 1268 hoc
318 1219 411 1278 fidant,
427 1219 452 1265 in
468 1218 510 1266 tui
523 1218 642 1278 severitate
657 1235 685 1268 sc
699 1220 822 1284 diligentii

148 1283 250 1348 positum
258 1292 299 1332 est.
316 1282 435 1349 Imprimis
443 1282 506 1332 enim
516 1283 585 1336 (sicin
595 1283 822 1344 accommodum

149 1356 192 1409 est,
203 1364 241 1408 ne,
252 1349 273 1397 si
283 1348 460 1412 permisceantur
470 1347 540 1396 servis
552 1348 651 1411 publicis
661 1349 758 1405 milites.
769 1365 822 1398 mu·

149 1413 191 1461 tui
206 1413 265 1462 inter
276 1429 300 1462 se
314 1411 397 1461 fidunt
410 1411 584 1475 negligentiores
598 1413 658 1460 sint:
677 1413 719 1462 ssd
729 1424 755 1463 ot
763 1412 823 1464 illud

149 1477 235 1526 haerest
254 1479 329 1538 nobis,
351 1493 423 1542 quum
440 1476 589 1541 paucissimos
607 1477 694 1527 milites
715 1494 732 1529 s
752 1478 824 1543 signis

149 1543 276 1592 evocandos
286 1558 341 1591 esse.

217 1733 287 1799 (32)
305 1737 334 1785 C.
346 1737 444 1784 Plinius
458 1738 561 1799 Trtp‘cno
571 1738 717 1800 Imperatori
728 1739 757 1786 S.

117 1917 119 1925 ,
184 1865 274 1914 Gsbius
292 1865 389 1924 Bassus,
409 1865 529 1929 praesectus
547 1880 592 1912 orae
609 1864 721 1926 Pontice,
745 1874 769 1915 ct
789 1881 825 1914 rc-

152 1931 306 1979 verentissime
316 1940 340 1978 et
353 1930 521 1984 officiosissime,
533 1928 643 1990 Domine,
655 1931 718 1978 venit
728 1931 761 1978 ud
776 1946 823 1991 me,

153 2005 177 2044 et
186 1996 342 2059 compluribus
356 1995 436 2043 diebus
452 1994 498 2042 fuit
507 2009 606 2042 mecum.
634 1994 761 2053 Quantum
772 2011 825 2060 per-

152 2061 238 2124 spicere
245 2061 318 2125 potui,
328 2062 363 2109 vir
371 2059 482 2122 egregius,
492 2069 515 2106 et
521 2058 665 2121 indulgentis
673 2061 715 2108 tui
722 2059 823 2123 dignus:

153 2125 191 2172 cui
201 2141 243 2188 ego
254 2135 336 2173 notum
346 2126 398 2184 feci,
414 2122 547 2187 precepisse
557 2131 588 2182 te,
604 2132 639 2181 ut,
650 2139 680 2171 ex
691 2123 826 2173 cohortibus

153 2189 238 2252 quibus
255 2204 293 2236 me
309 2205 404 2252 praeesse
421 2187 521 2246 voluisti,
538 2197 659 2234 contentus
677 2197 737 2236 esset
753 2190 825 2239 bene·

154 2251 244 2300 ficisriis
261 2252 348 2313 decem,
366 2253 481 2316 equitibus
503 2252 601 2311 duobus,
618 2252 751 2301 centurione
767 2269 825 2301 uno.

154 2316 291 2380 Respondit,
303 2331 350 2364 non
361 2316 462 2364 sufficere
473 2316 516 2363 sibi
529 2316 591 2363 hunc
607 2331 742 2378 numerum,
754 2317 826 2381 idque

154 2397 179 2429 se
194 2381 332 2443 scripturum
349 2381 398 2428 tibi.
426 2381 480 2428 Hoc
496 2380 521 2427 in
537 2379 675 2441 consiluit,
696 2382 825 2444 quominus

154 2445 230 2493 statim
247 2445 384 2493 revocandos
402 2452 517 2509 putarem,
534 2460 592 2508 qnos
607 2445 677 2494 habet
693 2461 764 2511 supra
780 2461 827 2494 nu·

153 2522 257 2561 memm‘
