1718 3344
227 495 341 547 Pblml
362 497 471 548 nnlsn‘.
490 500 520 548 V.
540 500 576 555 17.
697 499 740 545 131

58 624 182 675 destinata
191 634 240 675 erat
250 628 342 692 egregio
349 629 437 691 juveni,
447 630 498 691 jam
506 628 594 676 electus
608 628 742 693 nuptiarum

59 692 122 751 dies,
136 691 189 753 jam
203 705 246 741 noa
261 694 343 741 roseti.
370 692 442 753 Quod
453 694 576 757 gaudium,
588 708 636 757 quo
647 706 743 740 moerore

58 764 185 803 mutatum
195 756 245 805 eet!
263 756 321 805 Non
330 773 424 822 possum
436 758 564 822 exprimere
574 758 657 817 verbis,
669 770 743 821 quan·

60 818 295 869 tumaaimovulnns
302 822 592 887 acceperim,cumaudivi,
599 822 742 870 Fundanum

60 884 144 949 ipsum
156 885 197 949 (nt
211 886 287 934 multa
296 887 401 936 luctuosa
410 887 475 935 dolor
490 886 590 949 invenit)
606 886 740 951 praecipien-

62 958 122 1007 tem,
133 948 233 1013 quodin
243 959 325 1011 vestes,
338 952 470 1016 margarita,
481 966 594 1016 guiumar,
606 951 681 999 uerat
691 966 742 999 ero-

62 1014 741 1080 gatumabocinthuaetunguentaetodoresimpende·

63 1086 136 1125 retur.
152 1078 199 1126 list
208 1078 303 1143 quidem
313 1080 353 1129 ille
363 1081 466 1129 emolitus
476 1089 499 1129 et
512 1081 611 1145 sepiens,
626 1089 654 1128 ut
664 1081 706 1144 qui
717 1096 741 1127 se

64 1144 95 1190 ab
104 1142 201 1191 meante
211 1152 278 1192 aetate
288 1145 406 1193 altioribus
416 1145 497 1194 studiis
504 1147 638 1209 artibusque
645 1145 739 1193 dedide-

64 1205 108 1254 ritt
125 1207 167 1255 sed
177 1222 240 1256 nune
249 1208 336 1271 omnia,
348 1226 401 1274 quoe
411 1210 492 1270 audiit,
504 1225 609 1274 saepeque
619 1210 687 1268 dixit,
698 1209 740 1256 ud·

65 1283 202 1333 spernatur3
219 1288 265 1337 exp
303 1274 309 1284 '
338 1290 368 1322 ue
386 1274 508 1324 virtutibus
524 1274 582 1333 aliis,
599 1274 690 1338 pietatis
705 1282 740 1321 est

64 1344 135 1383 totus.
151 1336 268 1399 Iguooees,
278 1338 318 1386 lau
348 1338 476 1399 bisetium,
493 1340 514 1387 si
529 1339 670 1402 cogitaveris,
682 1338 739 1401 quid

63 1399 174 1449 amiserit.
191 1400 278 1450 Amisit
288 1403 350 1451 enim
360 1403 442 1463 filiam,
454 1420 507 1468 quae
517 1418 563 1451 non
574 1404 653 1451 minus
663 1418 738 1450 mores

61 1465 121 1525 ejus,
127 1480 200 1529 quam
206 1480 232 1514 os
238 1467 384 1532 vultumque,
393 1469 512 1528 referebat,
520 1476 641 1531 totumque
648 1476 738 1531 patrem

60 1528 122 1576 miri
138 1529 289 1579 similitudine
304 1533 459 1597 exscripserat.
478 1532 587 1591 Proinde,
604 1532 624 1580 si
634 1548 691 1596 quas
707 1532 738 1579 ad

62 1594 175 1643 eumdem
184 1595 215 1643 de
224 1594 302 1644 dolore
312 1604 361 1644 tam
369 1600 433 1659 justo
440 1596 518 1645 literas
524 1598 610 1653 mittes,
622 1605 738 1643 memento

60 1657 174 1706 adliibere
187 1660 304 1720 solatium,
317 1676 364 1709 non
375 1662 442 1725 quasi
451 1659 622 1724 castigatorium
633 1668 656 1706 et
669 1660 739 1707 nbula

60 1722 131 1783 forte,
147 1722 188 1771 sed
201 1724 272 1772 molle
282 1734 306 1773 et
314 1725 454 1773 humanum.
475 1724 547 1784 Quod
560 1731 588 1770 ut
597 1724 687 1771 facilius
697 1724 738 1770 ad-

60 1786 150 1846 mittat,
164 1787 267 1836 multum
277 1789 346 1838 faciet
360 1789 432 1837 medii
448 1788 558 1852 temporis
573 1787 682 1851 spatium.
703 1788 739 1835 Ut

60 1851 126 1898 enim
136 1852 235 1900 crudum
249 1852 325 1902 adhuc
340 1855 426 1902 vulnus
441 1853 585 1902 medentium
601 1867 685 1899 manus
701 1867 737 1898 re·

59 1914 180 1977 formidat,
196 1916 279 1966 deinde
294 1918 390 1982 patitur,
410 1927 481 1983 atque
499 1917 561 1965 ultro
576 1916 687 1981 requirit;
705 1916 737 1964 sic

59 1995 140 2029 reem
156 1980 230 2029 animi
246 1982 312 2031 dolor
327 1983 491 2031 consolationes
508 1981 582 2044 rejicit
599 1997 626 2029 ac
642 1980 736 2043 refugit,

58 2059 117 2094 mox
125 2044 247 2109 ddderat
254 2055 277 2096 et
286 2047 410 2096 clementer
416 2047 514 2096 admotis
520 2045 650 2112 acquiescit.
667 2046 736 2095 Vale.

176 2240 246 2304 (17.)
265 2242 294 2293 C.
304 2242 404 2291 Pllalas
415 2242 529 2305 Spartae
539 2256 582 2289 tao
592 2243 619 2290 S.

91 2368 146 2419 Scio
155 2378 244 2435 quanto
258 2386 327 2436 opere
341 2370 409 2419 bonis
425 2371 513 2419 mtibus
523 2370 609 2431 faveas,
620 2378 735 2435 quantum

57 2433 174 2497 gaudium
190 2435 274 2499 capias,
292 2435 312 2485 si
326 2435 415 2484 nobiles
428 2437 525 2497 juvenes
536 2435 634 2499 dignum
648 2434 736 2498 aliquid

56 2499 187 2561 majoribus
194 2500 245 2548 suis
254 2500 352 2549 faciam:
370 2516 417 2565 quo
429 2499 575 2548 festinantius
589 2500 672 2547 nuntio
683 2499 734 2559 tibi,

56 2562 129 2611 fuisse
139 2578 179 2613 me
188 2564 257 2612 hodie
266 2566 291 2612 in
302 2564 416 2614 auditorio
427 2563 548 2629 Calpurnii
559 2564 659 2613 Pisonis
686 2564 735 2612 Re·

55 2627 143 2677 dubet
160 2646 328 2693 ερωτοπαιγνιον,
345 2629 459 2677 eruditam
474 2644 529 2677 sane
544 2630 734 2691 luculentamque

55 2692 187 2741 materiam.
209 2693 298 2757 Scripta
314 2694 383 2757 elegis
397 2702 446 2742 erat
455 2694 589 2749 fluentibus,
601 2702 624 2742 et
640 2693 733 2752 teneris,

55 2763 79 2803 et
97 2757 220 2815 enodibus,
244 2758 383 2807 sublimibus
401 2758 479 2817 etiam,
497 2768 524 2806 ut
539 2758 643 2823 poposcit
660 2758 732 2805 locus.

54 2820 120 2884 Apte
130 2822 194 2870 enim
202 2831 225 2869 et
232 2823 294 2870 varie
301 2838 364 2872 nunc
372 2823 526 2882 attollebatur,
535 2838 597 2871 nune
603 2821 730 2870 residebat:

54 2886 146 2935 excelsa
156 2885 276 2951 depressis,
288 2887 357 2936 exilia
371 2887 455 2952 plenis,
471 2888 553 2935 severis
564 2886 669 2949 jucunda
679 2888 732 2933 mu-

54 2952 133 3008 tabst3
151 2950 233 3000 omnia
242 2952 335 3016 ingenio
345 2952 403 3017 pari.
420 2951 604 3000 commendebat
616 2951 666 2998 bac
676 2962 733 2997 voee

53 3014 201 3076 suaviuirnd,
218 3031 297 3066 vocem
312 3015 455 3066 vermindii.
479 3016 586 3064 Multum
603 3012 730 3076 sanguinis,
