1718 3344
104 116 154 164 2b⁰
267 115 381 166 1³111N11
403 115 512 166 EPIST.
527 115 564 164 X.
581 117 599 164 3

102 243 777 309 indulseris,menetiamexrescriptointelligo,lrbcn·

103 309 677 375 tiusboceitcpraestitissequispromerogcbst.
694 310 779 359 Videor

103 389 159 436 ergo
169 391 286 423 mmmam
296 375 343 423 voti
352 374 399 422 mei
409 381 552 428 contemnis.
566 388 633 432 cum,
643 373 707 422 inter
716 373 778 421 initis

103 437 229 488 felicissimi
243 439 383 502 principatus
398 438 442 498 bri,
459 438 600 502 probaveris,
617 439 702 486 meod
711 453 778 502 pecu-

103 501 186 550 liarem
200 503 368 566 indulgentiam
384 511 450 550 tuam
470 501 596 565 pertineret
613 517 691 566 eoque
707 502 779 565 magis

103 565 188 614 liberos
197 567 340 630 concupisco,
352 583 410 631 quos
419 567 504 614 babere
514 565 584 614 etiam
594 566 636 614 illo
648 566 779 614 tristissimo

104 630 187 678 morlo
201 631 272 686 volui,
290 631 349 679 siout
365 640 430 695 potes
445 631 537 678 duobus
550 630 709 680 matrimoniis
723 630 779 678 meis

105 693 202 742 credere.
224 695 270 743 Sed
284 695 327 742 Dii
337 696 428 754 melius,
439 694 481 758 qui
490 694 570 742 omnia
579 694 672 758 integra
682 695 779 744 bonitati

105 765 152 805 tuae
162 757 311 807 reservlruut.
337 760 416 807 Malui
425 759 470 807 hoc
479 759 556 822 potius
569 767 679 822 tempore
689 775 729 807 me
737 775 779 823 ps·

104 821 232 884 context,
243 822 725 890 quofuturuscssemctsemrusetfelix.

179 1014 234 1080 (3.)
252 1019 282 1066 C.
293 1019 391 1066 Plinius
405 1018 508 1080 Trojano
518 1019 666 1091 Imperatori
677 1019 706 1066 S.

136 1143 286 1209 Indulgentia
295 1155 344 1203 tua,
357 1146 486 1210 Imperator
496 1144 592 1209 optime,
607 1161 682 1210 quam
692 1145 777 1210 plenis·

105 1208 188 1258 simam
199 1212 310 1275 experior,
321 1212 425 1259 hortatur
434 1225 481 1263 me,
497 1219 525 1256 ut
538 1209 639 1257 audeam
651 1211 696 1258 tibi
707 1212 776 1259 etism

123 1289 148 1322 ¹⁰
159 1273 573 1392 utilititatem
583 1275 625 1386 't
632 1274 777 1388 litii&

105 1412 152 1451 tate
160 1405 328 1468 condiscipulus
338 1413 361 1452 et
371 1403 538 1452 contubernalis
548 1417 624 1450 meus.
642 1403 739 1462 Quibus
748 1420 777 1452 ex

104 1469 186 1527 causis,
198 1479 242 1517 eta
251 1470 312 1517 Divo
322 1479 386 1532 petre
396 1478 437 1515 tuo
444 1467 563 1531 petieram,
574 1475 602 1514 ut
612 1468 683 1514 illum
693 1469 719 1516 in
727 1484 776 1516 am·

105 1533 236 1595 plissimum
257 1534 361 1581 ordinem
382 1539 532 1596 promoveret.
555 1531 602 1578 Sed
630 1532 675 1580 hoc
697 1542 776 1581 votum

103 1611 184 1643 meum
198 1598 295 1644 bonitati
305 1607 351 1644 tuae
361 1606 500 1645 reservatum
515 1603 558 1653 est,
573 1595 630 1658 quia
640 1605 716 1644 mater
727 1599 776 1645 Ro·

103 1659 169 1707 mani
177 1661 337 1708 liberalitatem
345 1660 643 1724 sestertiiquadringentics,
652 1661 718 1724 quod
723 1677 775 1710 con·

102 1723 162 1773 ferre
172 1739 196 1772 se
209 1724 266 1781 filio,
277 1725 385 1772 codicillis
396 1725 426 1772 sd
436 1734 524 1790 patrem
535 1732 603 1770 tuum
614 1724 715 1788 scriptis,
723 1741 776 1790 pro-

102 1788 162 1837 fessa
171 1788 254 1848 fuerat,
266 1789 370 1836 noudum
381 1789 436 1837 satis
446 1789 548 1852 legitime
557 1799 695 1850 peregeratc
713 1790 775 1854 quod

102 1860 182 1918 postea
191 1853 244 1902 iecit
254 1853 371 1902 admonito
381 1870 397 1901 a
406 1854 479 1902 nobis.
495 1854 559 1901 Nam
568 1853 685 1901 etfundos
695 1869 775 1902 eman·

221 1919 448 1982 ,t
458 1916 776 2030 μω

100 2000 165 2111 qugd
175 1999 328 2112 spiemngdbsfflas
339 2015 479 2106 morabatdr,
498 2061 544 2093 non
555 2045 604 2093 sine
614 1998 703 2108 uffagod
713 2017 774 2095 fidu:

100 2112 136 2159 cit
155 2114 263 2175 subsigno
280 2113 343 2175 apud
360 2121 382 2158 te
401 2111 471 2158 fidem
490 2125 532 2176 pro
547 2110 653 2163 moribus
670 2111 774 2161 Romani

54 2208 56 2212 ,
100 2175 155 2232 mei,
173 2191 231 2239 quos
245 2185 268 2222 et
286 2175 389 2224 liberalia
403 2175 479 2222 studia
498 2182 617 2232 exemerit,
641 2183 664 2222 et
687 2176 773 2224 eximis

98 2239 178 2302 pietas,
195 2256 247 2302 quae
257 2240 317 2287 hanc
327 2239 402 2302 ipsam
412 2239 492 2286 matris
502 2238 673 2298 liberalitatem,
689 2249 713 2288 et
727 2249 773 2288 sta·

98 2304 141 2351 tim
152 2303 223 2366 patris
232 2303 396 2360 hereditatem,
408 2312 431 2350 et
441 2303 586 2366 adoptionem
597 2302 711 2361 avitrico,
723 2320 773 2353 me·

97 2368 152 2415 ruit.
175 2368 255 2428 Auget
265 2367 315 2414 haec
325 2375 348 2414 et
358 2367 471 2416 natalium
482 2376 505 2414 et
515 2375 664 2429 paternarum
675 2368 773 2416 faculta-

95 2445 147 2481 tum
165 2430 277 2495 splendor,
295 2431 379 2494 quibus
398 2432 494 2495 singulis
510 2432 613 2479 multum
624 2433 773 2481 commenda.

96 2496 165 2545 tionis
175 2511 318 2544 accessurum
328 2496 398 2544 etiem
409 2511 439 2544 ex
449 2496 506 2543 meis
520 2496 635 2558 precibus,
646 2495 772 2560 indulgen-

95 2562 134 2612 n'ae
144 2570 192 2612 tuae
201 2559 276 2612 eredo·
302 2560 370 2626 Rogo
380 2575 446 2622 ergo,
456 2560 570 2617 Domine,
585 2567 613 2606 ut
623 2575 663 2608 mc
673 2571 773 2624 exopt&

85 2629 185 2685 tissimae
201 2628 266 2683 mihi
276 2623 443 2697 gratulationis
455 2630 590 2684 compotem
601 2621 685 2677 tactae,
695 2625 777 2669 ctuo—
