1718 3344
88 343 120 399 70
241 345 354 394 ΡΙιΙΝΗ
376 343 483 394 urlsr.
500 343 552 394 111.
570 345 609 393 lb.

87 474 146 534 ejus,
186 475 348 524 marimtionis
363 474 467 533 crimine,
478 473 608 523 corruisset·
640 471 720 521 Prasai
730 480 761 519 ta·

86 553 141 586 men
269 539 362 588 Accidit
371 538 433 586 mim
444 537 602 587 ressontraria
613 543 759 596 duosam,

86 612 216 652 accusatore
225 603 416 679 prevaricationis
425 603 545 660 damnato,
551 617 591 649 rea
598 602 760 649 absolveretur·

87 667 188 726 Quaeris,
199 668 256 731 quid
266 683 317 727 nos,
333 667 391 715 dum
401 667 451 715 haec
461 668 578 730 aguntur?
602 663 762 714 Indicavimus
802 702 804 707 .

87 731 184 791 sensuri,
195 747 225 779 ex
236 733 345 780 Norbano
356 731 461 780 didicisse
470 746 512 779 nos
522 729 643 794 publicam
659 744 760 786 oausam

87 810 210 858 rursusque
220 795 302 843 debere
312 810 341 843 ex
352 795 441 858 integro
451 796 545 852 disoers,
562 794 583 841 si
597 792 639 842 ille
655 792 763 857 prevari-

86 869 149 907 cator
158 861 299 922 probaretur.
315 864 396 923 Atque
406 860 447 916 ita,
458 860 516 907 dum
523 852 563 907 ille
570 858 692 922 peragitur
701 871 761 916 seua

87 923 194 970 sedimus
217 924 299 972 Postea
318 924 442 972 Norbanus
460 924 569 971 omnibus
584 922 669 970 diebus
684 921 762 985 cogni·

88 986 156 1034 tionis
171 987 284 1043 interfuit,
300 988 451 1052 eamdemque
462 987 574 1052 usquead
583 995 720 1035 extrenum
729 985 763 1034 rel

88 1051 238 1098 constantiam
246 1052 411 1100 velsudscism
418 1052 522 1115 pertulit.
531 1050 762 1114 Interrogoipseme,

88 1129 119 1162 an
130 1114 218 1178 aliquid
236 1116 352 1164 omiserim
366 1132 460 1164 rursus:
478 1124 501 1164 et
519 1130 598 1163 rursus
608 1129 678 1177 paene
688 1114 761 1163 omisi.

88 1180 186 1226 Summo
193 1179 231 1228 die
238 1181 329 1229 Salvius
337 1180 450 1228 Liberalis
460 1180 560 1242 reliquos
567 1180 658 1241 legatos
666 1179 764 1242 graviter

90 1243 212 1306 increpuit,
220 1253 340 1308 tamquam
350 1259 396 1291 non
402 1259 490 1303 omnes,
499 1259 557 1308 quos
567 1243 704 1292 mandisset
713 1257 764 1307 pro·

89 1307 171 1365 vincia,
190 1323 239 1355 reos
257 1309 406 1371 peregissent:
424 1319 502 1372 atque,
519 1316 546 1355 ut
557 1316 592 1355 est
602 1307 729 1356 vehemens
743 1315 765 1354 et

89 1369 194 1429 disertus,
203 1371 228 1419 in
236 1372 357 1420 discrimen
363 1373 469 1420 adduxit.
485 1372 581 1420 Protexi
588 1370 650 1418 viros
656 1372 764 1435 optimos,

89 1435 227 1500 eosdemque
243 1437 397 1500 gratissimost
415 1437 474 1484 mibi
489 1445 549 1485 certe
564 1436 648 1483 debere
666 1451 693 1484 se
708 1451 765 1500 pre-

89 1499 173 1553 dicant,
195 1501 258 1564 quod
276 1501 344 1549 illum
366 1501 483 1548 turbinem
504 1499 623 1549 evaserint.
652 1499 703 1549 Hic
724 1499 765 1548 erit

90 1565 192 1629 epistole
202 1565 263 1623 finis,
270 1566 349 1615 reveri
354 1565 407 1614 finis
417 1583 424 1612 r
436 1565 526 1612 literam
533 1579 580 1612 non
587 1563 684 1624 addam,
697 1565 765 1614 en'arn

89 1630 109 1679 si
119 1630 196 1679 adhuc
205 1630 295 1696 aliquid
304 1632 431 1696 prestetisse
438 1644 477 1677 me
487 1643 585 1678 sensero.
606 1628 677 1677 Vale.

122 1823 191 1886 (1⁰.)
210 1826 238 1874 C.
247 1825 347 1872 Plinius
357 1825 487 1886 Spurinna
497 1837 548 1884 nso,
559 1829 582 1871 tt
595 1823 694 1884 Caeciae,
706 1825 734 1873 S.

121 1950 284 2015 composuisse
293 1965 332 1999 me
342 1950 449 2014 quadam
459 1951 489 2000 de
499 1951 548 2000 lilio
558 1959 642 2011 vestro,
656 1967 706 2001 non
716 1951 766 2001 dixi

89 2016 163 2076 robis,
174 2030 228 2064 cum
234 2014 343 2126 proxime
353 2015 416 2078 apud
426 2030 467 2063 vos
477 2016 525 2074 fui3
542 2016 646 2080 primum
657 2017 765 2080 quidem,

89 2079 145 2145 quia
160 2094 206 2127 non
225 2079 235 2126 i
250 2094 277 2126 ao
294 2079 436 2144 scripseram,
448 2089 475 2128 nt
491 2081 606 2136 dicerem3
624 2081 665 2129 sed
676 2091 704 2130 ut
713 2095 766 2130 meo

89 2143 171 2205 amori,
190 2159 243 2192 meo
259 2143 339 2202 dolori,
356 2143 525 2202 mustacemm
545 2145 637 2203 deinde,
657 2147 716 2209 quis
734 2154 766 2204 ta,

90 2208 217 2274 Spurinna,
234 2223 288 2257 cum
298 2208 516 2258 summissione
532 2224 571 2257 me
587 2213 625 2263 (ut
640 2210 702 2258 mibi
718 2210 767 2274 ipse

90 2271 190 2334 dixisti),
206 2272 264 2337 quid
280 2273 420 2331 recursem,
438 2273 508 2321 simul
523 2273 615 2321 audisse
631 2274 764 2322 credebam.

90 2339 204 2386 Preterea
225 2337 310 2386 veritus
332 2353 392 2396 sum,
414 2351 444 2385 ne
462 2353 502 2386 vos
524 2338 586 2386 festis
606 2337 689 2386 diebus
711 2354 766 2388 oon·

89 2402 219 2459 funderem,
231 2402 284 2450 siin
295 2403 430 2450 memoriam
445 2401 574 2464 gravissimi
587 2402 664 2450 luctbs
679 2403 767 2451 redux·

89 2467 165 2514 issem.
190 2467 262 2516 Nunc
272 2481 364 2530 quoque
374 2466 491 2529 paulisper
506 2466 618 2523 hesitavi,
635 2467 661 2514 id
677 2467 764 2526 solum,

90 2530 153 2594 quod
171 2530 272 2591 raduni,
289 2530 405 2578 mitterem
421 2531 566 2593 exigentibus
584 2531 658 2592 vobis,
676 2546 708 2579 an
724 2532 766 2580 sd.

86 2596 191 2656 jioerem,
210 2610 263 2670 quse
284 2593 394 2641 malind
415 2595 524 2643 volumen
545 2594 620 2657 cogito
641 2610 765 2645 reservare.

90 2660 175 2734 Neque
184 2673 247 2706 enim
258 2657 376 2706 affectibus
390 2658 448 2706 meis
464 2674 511 2707 uno
526 2659 605 2707 libello
621 2659 765 2709 misinen

89 2723 149 2771 mibi
165 2730 188 2770 et
205 2722 764 2787 mncdssimammcmorismprosequisotisestr

88 2789 157 2849 errius
167 2787 236 2835 fame
245 2787 315 2835 latius
325 2786 492 2846 consulantne
501 2787 631 2862 Quaem
640 2800 665 2836 et
674 2788 765 2851 ὤμω

87 2852 165 2902 tuerit.
183 2852 274 2901 Varum
284 2850 764 2917 hesitantimibi,‹rnma,quajamoom·
