1718 3344
88 148 133 193 128
248 137 360 187 l’LINIl
373 136 492 195 ,aman
508 137 543 185 V.
562 138 603 185 ts.

86 271 198 333 mandinse
213 276 241 317 nt
256 276 371 325 caurum,
386 274 457 331 atque
472 266 664 317 mmmmm
679 268 762 326 visam

88 337 179 396 deinde,
190 333 333 385 sermonibus
341 332 469 380 amicorum
476 330 629 392 manum,
640 333 765 383 menam

89 402 205 452 monitum
216 399 287 457 enim,
298 412 329 444 ne
338 396 451 445 desiderio
460 396 582 454 senatoris,
592 412 645 445 non
651 396 769 461 jamqufi

90 459 769 527 denmdmmsedqumidegmtiafemmignitac

90 530 267 589 renuntiatam
280 525 435 590 pertinaciter,
447 524 580 600 prasertim
594 525 624 573 in
636 536 730 588 mant,
739 542 770 575 re·

91 602 219 661 pugnaret:
230 591 317 653 alioqui
327 592 439 652 majorem
446 588 569 648 sundram,
576 592 769 656 quamproxime,

92 657 240 724 passurum?
257 655 329 719 (Erat
344 669 398 703 sane
414 653 487 717 prius,
503 668 519 700 a
533 654 619 716 panda
636 665 727 717 mmm,
737 670 770 705 ae·

93 726 219 773 clamatum
234 717 349 781 exeunti.)
372 716 501 779 subjunxit
516 733 604 781 preces,
624 720 771 785 multumque

94 791 264 850 lacrymarum:
282 784 339 847 quin
359 783 428 831 etiam
443 781 492 830 uta
508 781 598 831 actione
613 784 692 835 mmo
704 784 770 833 indi·

94 852 167 900 condo
183 849 319 898 exercitatus
332 863 425 911 operam
436 846 508 905 dedit,
524 856 552 893 ut
563 846 688 911 deprecari
703 848 771 912 magis

96 916 131 971 (id
151 915 213 963 enim
232 922 255 961 et
271 911 418 959 favorabilius
437 920 460 958 et
479 909 565 971 tutius)
588 928 667 976 quam
686 913 771 962 defmdi

95 981 217 1029 videretur.
234 976 363 1024 Absolutus
373 984 407 1023 est
416 974 530 1023 sententiis
536 975 658 1038 designati
668 978 771 1037 consulis,

96 1044 190 1093 Afranii
200 1041 292 1098 Dextri,
302 1040 423 1101 cujushaec
434 1054 541 1087 summa:
552 1043 570 1068 “
580 1040 677 1088 Melius
684 1042 772 1106 quidem

97 1108 253 1158 Nominatum
265 1105 336 1152 titisse
349 1103 473 1164 facturum,
491 1103 511 1151 si
526 1119 622 1151 caumm
641 1107 773 1155 vicentino-

98 1189 151 1222 rum
162 1172 241 1220 eodem
253 1170 339 1229 mimo,
351 1184 398 1232 qno
408 1176 545 1231 srrsceperat,
638 1169 645 1181 ⁰
685 1180 711 1228 t;
723 1171 774 1235 quia

97 1249 176 1287 tamen
196 1236 221 1283 in
239 1236 283 1283 boc
301 1248 374 1297 geum
392 1233 467 1296 culpa
485 1246 532 1281 non
559 1233 634 1281 raude
652 1235 775 1296 incidimur,

97 1303 202 1367 nihilque
212 1300 310 1364 dignum
320 1296 516 1346 animadversione
525 1296 648 1345 admisisse
658 1300 776 1349 eandm-

98 1378 170 1426 retur,
180 1365 336 1424 liberandum,
344 1363 385 1423 ita,
393 1369 421 1409 ut
428 1360 566 1421 vicentinis,
576 1362 642 1425 quod
649 1372 776 1428 acceperat,

99 1432 226 1483 redderet’'
259 1431 414 1479 Assenserunt
439 1439 527 1480 onmes,
554 1434 638 1488 prater
668 1428 776 1477 navium

99 1501 202 1562 Aprum.
219 1495 244 1543 Is
249 1491 432 1542 interdicendum
442 1489 464 1537 ei
474 1489 666 1539 advocationibus
676 1493 703 1541 in
709 1493 776 1556 qnin-

100 1562 228 1627 qucnnium
238 1559 340 1607 censuit:
353 1565 384 1615 et,
395 1555 502 1619 quamvis
512 1554 630 1603 neminem
641 1558 777 1605 aumoritate

101 1626 214 1682 traxisset,
226 1630 354 1670 constanter
363 1620 388 1666 in
400 1618 512 1667 sententiis
521 1619 622 1667 mansit:
635 1621 698 1684 quin
709 1622 778 1670 etiam

101 1692 227 1745 Dextrum,
244 1685 286 1748 qui
301 1685 390 1746 primus
406 1683 523 1731 diversum
538 1693 669 1744 censuerat,
689 1686 777 1749 prolati

101 1757 152 1817 lege
159 1752 275 1799 decanatu
283 1747 397 1804 habendo,
403 1748 482 1807 jurare
489 1747 564 1810 aegit
571 1763 584 1795 e
591 1749 778 1812 republiciesse,

103 1817 165 1894 qnod
175 1813 304 1863 censuisset.
322 1811 375 1871 Cui,
387 1827 530 1876 quamquam
540 1812 660 1875 legitima,
673 1816 777 1878 postule-

102 1881 160 1932 ttoni
170 1896 184 1927 a
194 1877 332 1942 quibusdam
343 1876 493 1924 reclamatum
504 1886 552 1924 est:
565 1879 707 1940 exprobrare
717 1880 779 1929 mim

103 1944 202 1996 censenti
210 1941 359 1989 ambitionem
367 1941 494 1988 videbatur.
511 1941 565 1999 Sed,
576 1942 718 2006 priusquam
728 1960 780 1993 sen-

103 2010 181 2059 tcntiae
192 2007 327 2066 dicerentur,
334 2006 456 2068 Nigrinus,
462 2006 570 2053 tribunus
580 2006 664 2069 plebis,
676 2008 780 2057 recitarit

103 2075 209 2124 libellum
222 2071 332 2119 disertum
349 2079 372 2119 et
386 2085 489 2133 gravem,
504 2086 552 2133 quo
568 2080 664 2133 questus
680 2082 726 2133 est,
742 2090 780 2122 ve·

104 2142 153 2187 nire
169 2137 334 2197 advocationes,
345 2136 422 2184 venire
439 2135 509 2182 etiam
524 2135 737 2197 praevaricationes:
748 2137 780 2186 'in

104 2206 155 2252 lites
166 2202 234 2250 coiri:
247 2210 270 2249 et
280 2202 357 2264 gloriae
363 2202 414 2248 loco
424 2200 480 2263 poni
491 2215 520 2247 ex
531 2199 610 2262 spoliis
620 2200 710 2249 civium
716 2218 783 2267 mag.

106 2285 147 2316 nos
159 2275 182 2315 et
192 2275 261 2314 statos
270 2267 363 2314 reditus.
379 2265 496 2313 Recitavit
505 2263 581 2339 capita
590 2263 687 2326 legemr
700 2268 782 2316 admo.

106 2332 159 2381 nuit
177 2331 390 2379 senatis-consulti:
411 2331 436 2377 in
454 2329 500 2377 fine
518 2328 586 2388 dixit,
606 2330 737 2391 petendum
753 2334 785 2381 ab

107 2397 196 2461 optimo
203 2396 318 2460 Principe,
326 2404 361 2456 nt,
369 2395 424 2459 qnia
430 2394 501 2457 leges,
510 2394 566 2457 quia
573 2396 786 2445 senatis-consulta

108 2470 316 2519 contemnerentur,
332 2460 381 2524 ipse
397 2459 466 2506 tantia
478 2459 538 2507 vitiis
554 2457 693 2506 mederetur.
711 2461 786 2509 Pauci

109 2527 167 2586 dios,
179 2534 202 2573 et
211 2526 269 2574 liber
280 2524 393 2588 Principis
403 2540 502 2582 severus,
513 2531 624 2570 ettamen
634 2524 785 2575 moderanter

110 2593 172 2655 loges
182 2591 276 2654 ipsum3
288 2599 323 2637 cst
333 2590 358 2636 in
368 2588 467 2652 publicis
476 2588 551 2636 Actis.
568 2588 650 2647 Quam
660 2604 700 2638 me
708 2592 787 2651 juvat,

110 2657 182 2721 (quod,
198 2656 222 2704 in
233 2655 307 2705 causis
320 2652 423 2717 agendis,
441 2668 487 2702 non
504 2652 574 2701 modo
589 2654 704 2716 pactione,
715 2656 788 2713 tione,
