1718 3344
262 470 378 519 PLINII
399 469 508 521 EPIST.
523 471 545 520 1.
563 473 601 520 10.
733 474 761 521 ll

88 599 185 647 fulturis
191 597 421 648 enimussustinetur.
433 599 501 648 Nihil
508 601 587 658 audio,
592 599 655 664 quod
661 599 762 661 audisse,

88 663 151 711 nihil
161 664 220 722 dico,
232 663 295 727 quod
309 664 402 723 dixisse,
417 665 532 728 peniteat,
555 666 634 725 Nemo
648 666 711 728 upud
725 681 764 714 me

91 744 235 792 quemquam
256 728 353 776 sinistris
374 729 517 777 sermonibus
535 730 622 793 carpit:
648 731 764 778 neminem

89 793 140 856 ipse
154 792 304 856 reprehendo,
322 793 366 840 uisi
381 808 456 840 unum
472 808 519 853 me,
536 809 589 842 cum
606 810 689 858 purum
700 809 763 842 com·

89 857 160 905 mode
178 858 259 905 scribo.
283 857 360 904 Nullis
378 873 427 920 spe,
446 858 512 906 nullo
530 859 619 917 timore,
638 859 762 916 sollicitum

89 921 163 968 nullis
176 922 308 969 rumoribus
324 921 452 985 inquietor;
469 937 561 970 mecum
572 931 664 971 tuntum
675 931 699 971 et
709 939 763 970 curn

91 985 178 1034 libellis
191 986 281 1049 loquor.
306 986 405 1034 Rectum
420 985 577 1051 sinceramque
590 987 678 1035 vitum
695 987 763 1036 dulce

90 1051 166 1099 otium
170 1050 348 1114 honestumque,
354 1065 452 1114 ecpaene
460 1051 523 1098 omni
530 1052 621 1114 negotio
626 1051 745 1116 pulchrius
755 1052 762 1098 l

92 1114 204 1162 Omare!
217 1115 301 1172 clitus,
310 1131 391 1162 verum
402 1124 561 1178 secretumque
567 1117 679 1180 moestu!
707 1131 764 1163 uum

89 1180 168 1226 mults
180 1178 302 1227 invenitis!
320 1195 392 1242 quem
405 1180 480 1227 multu
490 1179 595 1226 dictetis?
623 1132 724 1227 Proinde
736 1189 762 1228 tu

89 1258 185 1307 quoque
201 1243 322 1306 strepitum
337 1243 417 1302 istum,
433 1243 572 1307 inanemque
587 1244 724 1303 discursum,
740 1253 764 1292 et

89 1309 195 1355 multum
210 1307 300 1371 ineptos
313 1308 411 1366 labores,
427 1316 456 1354 ut
471 1308 573 1371 primum
583 1309 653 1357 fuerit
668 1308 763 1367 oscedo,

90 1372 297 1435 relinquensque
315 1371 396 1420 studiis
414 1373 450 1420 vel
467 1372 514 1419 otio
532 1372 604 1421 trude.
633 1373 711 1421 Setius
730 1382 764 1420 est

91 1436 165 1495 suun,
177 1445 204 1483 ut
213 1436 312 1484 Attilius
320 1445 395 1485 noster
403 1436 554 1485 eruditissime
564 1437 635 1484 simul
642 1446 666 1484 et
675 1437 766 1486 lucetis·

91 1500 646 1564 simedimgmiosumemequsmnihiltgere.
663 1503 731 1551 Vale

159 1692 229 1758 (ιο.)
249 1696 277 1744 u.
289 1695 471 1742 pransuros>
484 1695 688 1742 sumsimus.

125 1823 152 1872 Si
164 1823 256 1886 quando
266 1823 330 1872 Urbs
344 1831 421 1871 nostra
435 1821 568 1870 liberalibus
581 1820 663 1868 studiis
676 1820 762 1882 floruit,

91 1902 155 1935 nunc
165 1887 266 1936 maxime
276 1889 348 1935 floret.
366 1887 447 1935 Mults
456 1886 563 1949 clareque
574 1886 681 1950 exempla
691 1895 762 1934 sunt:

90 1952 205 2000 suffecerit
218 1966 302 2010 uuum,
317 1951 449 2016 Euphrstes
464 1950 622 2015 philomphus.
639 1950 712 1998 llunc
721 1966 765 2014 ego

89 2018 116 2064 in
129 2015 204 2080 Syrii,
220 2031 274 2064 cum
289 2016 470 2064 adolescentulus
484 2015 617 2074 militarem,
634 2015 727 2079 penitus
741 2024 765 2064 et

88 2081 156 2128 domi
166 2081 272 2144 inspexi3
284 2081 402 2144 amarique
412 2083 443 2128 ab
453 2095 480 2128 eo
489 2079 599 2136 laboravi,
609 2080 652 2127 etsi
662 2095 709 2128 uon
716 2088 764 2128 eret

88 2145 258 2194 laborandum:
276 2145 313 2193 eet'
324 2145 386 2192 enim
396 2145 477 2193 obvius
493 2153 516 2192 et
531 2144 656 2207 expositus,
669 2145 764 2208 plenus-

89 2226 137 2274 que
150 2210 303 2268 humenitste,
318 2224 390 2272 quem
465 2208 513 2272 'pit
528 2209 610 2272 Atque
618 2209 716 2269 ‚utinum
731 2210 764 2258 sic

88 2275 232 2350 ipsequem
246 2224 517 2338 spmtunelfflme
531 2287 573 2321 eon
615 2272 764 2338 'timpleress

87 2354 144 2399 run,
164 2347 191 2386 ut
206 2338 247 2386 ille
261 2338 364 2386 multum
379 2337 503 2386 virtutibus
519 2337 566 2386 suis
611 2337 686 2384 didit!
710 2337 764 2386 Aut

88 2419 133 2467 ego
147 2417 211 2450 nune
228 2403 281 2451 illes
296 2402 371 2466 ineps
386 2402 466 2460 miror,
481 2403 537 2466 quie
551 2401 626 2476 magis
644 2401 764 2465 intelligo;

104 2482 235 2530 numquam
244 2482 274 2515 ne
284 2481 346 2515 nunc
356 2467 451 2578 pidem
462 2467 516 2515 sutis
526 2466 636 2529 intelligo.
654 2459 691 2514 Ut
701 2468 764 2515 enim

88 2485 119 2580 de
126 2532 221 2607 pictore,
230 2531 352 2596 sculpture,
376 2539 445 2591 dore,
452 2531 496 2578 uisi
503 2531 595 2590 artifex,
601 2529 712 2591 judicare,
721 2531 762 2590 itu,

492 2693 499 2716 3

89 2726 124 2774 sic
134 2725 238 2772 eminent
248 2734 271 2773 et
281 2726 379 2784 elucent,
390 2732 418 2771 ut
431 2723 575 2772 mediocriter
584 2738 676 2787 quoque
686 2723 764 2771 docus

90 2789 213 2837 advertent
228 2798 252 2836 et
265 2789 372 2838 efficiunt
391 2788 503 2852 Disputat
517 2789 639 2847 subtiliter,
655 2788 763 2862 graviter,

90 2863 186 2903 ornate:
204 2853 335 2916 frequenter
348 2853 418 2900 etium
427 2853 571 2900 Platonicum
581 2853 647 2899 illnm
658 2851 764 2898 sublinu-

90 2927 164 2966 tutem
175 2926 199 2966 et
213 2917 361 2966 latitudinem
375 2917 470 2980 effingit
485 2918 566 2966 Serum
580 2924 614 2964 est
627 2915 732 2978 copiosus
742 2922 766 2961 et

90 2983 185 3041 rsriue3
201 2981 276 3033 dulcis
285 2981 409 3048 imprimis,
421 2982 496 3048 etqui
509 2989 663 3046 repugnantes
673 2992 767 3042 quoque
