1718 3344
97 122 146 167 ass
213 113 324 165 curun
347 82 609 162 enunciamus.
629 118 670 165 os.

96 247 195 310 publicae
205 245 319 292 servitutis
329 243 423 291 nuutios
432 251 601 305 exspectarent
626 245 677 303 Ac,
689 247 711 293 si
721 246 773 293 forte

95 312 185 372 aliquos
201 310 307 366 flumina,
326 308 398 365 nives,
416 307 479 355 venti
496 307 681 370 pmpedtssent,
699 310 773 358 statin

95 374 140 422 hoc
150 374 209 421 illud
217 389 264 421 esse
274 372 404 430 madebant,
415 371 478 434 quod
485 373 658 420 merebantur:
676 389 721 422 nec
731 383 774 421 eret

96 437 217 485 discrimen
234 437 311 485 ullum
329 436 435 499 pavoris;
451 443 572 499 propterea
590 437 670 498 quod,
690 454 745 485 cum
761 453 773 483 ι

96 503 159 549 malo
171 501 277 564 Principe
283 510 403 563 tamquam
412 514 525 547 mooessor
535 499 660 558 timeatur,
671 501 773 565 quisquis

96 574 131 612 cst
141 566 248 628 dignior3
266 580 320 612 cum
336 563 366 611 sit
383 578 453 612 nemo
468 578 514 610 uon
530 563 636 625 dignior,
654 581 739 613 omnes
748 565 773 612 ti-

96 638 196 676 mentur.
224 629 303 676 Tuam
322 628 465 676 seorriraten
483 642 530 674 non
540 642 609 674 mora
625 631 771 687 nuntiorum,

97 707 144 739 uon
153 693 273 740 literarum
283 692 377 740 tarditas
384 691 467 738 differt.
482 691 532 739 Scis
539 691 583 738 tibi
590 693 686 756 ubique
693 694 772 754 jurari,

96 770 150 802 cum
168 756 217 817 ipse
228 757 341 816 juraveris
358 756 473 804 omnibus.
500 755 580 802 Nemo
595 755 644 804 hoc
663 758 709 806 sibi
727 773 771 805 non

96 827 195 880 praestat
219 819 337 868 Amamus
347 820 442 883 quidem
452 828 483 877 te,
495 818 519 864 in
530 828 652 882 quantum
662 822 769 877 mereris,

95 881 157 928 istud
167 890 245 930 tamen
256 898 302 931 non
319 884 354 932 tui
366 884 463 932 numus
473 899 561 941 amore,
572 883 614 931 sed
624 886 714 932 nustria
731 900 771 932 nec

95 959 200 1008 unquam
216 947 332 997 illucescat
348 948 406 1007 dies,
424 963 471 1010 quo
488 962 531 1010 pro
547 955 571 994 te
586 958 711 1012 nunmpet
720 960 770 998 vota

96 1024 143 1057 uon
153 1011 241 1060 utilitas
255 1021 341 1070 nostra,
356 1012 396 1060 sed
406 1011 468 1067 fides,
483 1013 569 1060 Gaesar·
598 1012 691 1076 Turpis
701 1014 770 1061 nitela

96 1074 219 1138 Principis,
231 1077 269 1124 cui
278 1086 353 1140 potest
361 1077 478 1138 imputari.
506 1075 582 1134 Queri
591 1076 660 1135 libet,
673 1078 736 1140 quod
745 1078 769 1124 in

96 1148 181 1186 secreta
199 1150 277 1189 nostra
293 1155 340 1189 uon
357 1140 476 1203 inquirant
494 1140 624 1203 Principes,
646 1141 693 1188 nisi
713 1157 769 1205 quos

96 1203 195 1252 odimus.
212 1205 285 1264 Nam,
296 1205 315 1253 si
326 1205 405 1253 eadem
413 1220 469 1252 cura
477 1204 553 1260 bonu,
565 1220 619 1267 quae
625 1207 698 1254 malis
704 1214 767 1264 met,

96 1284 168 1332 quam
179 1269 266 1333 ubique
275 1269 449 1317 admirationem
465 1270 510 1327 tui,
524 1268 588 1331 quod
604 1270 720 1332 gaudium
729 1285 768 1318 ex-

96 1333 288 1397 sultationemque
304 1333 498 1408 deprehenderes!
517 1347 576 1395 quos
593 1334 704 1382 omnium
713 1349 766 1382 cum

96 1398 232 1460 conjugibus
239 1414 266 1446 ac
276 1397 360 1456 libens,
372 1412 429 1459 quos
439 1398 509 1445 etism
520 1411 574 1444 cum
583 1397 716 1447 domesticis
725 1398 767 1446 aris

96 1460 206 1524 focisque,
218 1461 347 1510 sermones!
365 1462 438 1509 Scires
454 1461 596 1509 mollissimis
611 1462 659 1509 illis
675 1463 767 1510 auribus

96 1527 166 1586 parci.
182 1526 215 1572 Et
222 1527 316 1590 alioqui,
325 1541 378 1573 cum
386 1526 432 1573 sint
439 1525 517 1572 odium
527 1540 639 1588 amorque
646 1527 766 1580 mummia,

96 1589 139 1636 hoc
150 1606 261 1652 perquam
272 1592 346 1638 simile
355 1590 449 1648 habent,
461 1589 567 1652 quodibi
578 1590 766 1653 intemperantius

95 1668 201 1699 amamus
211 1655 282 1702 bonos
293 1655 419 1717 Principes,
430 1654 471 1701 ubi
480 1653 575 1701 liberius
585 1655 661 1701 malos
671 1655 767 1702 odimus.

128 1718 198 1776 (69.)
216 1718 303 1780 Cepisti
319 1727 397 1765 tamen
412 1726 435 1766 et
450 1718 544 1765 affectius
561 1718 634 1765 nostri
651 1728 676 1766 et
688 1718 766 1780 judicii

95 1781 286 1843 experimentum,
303 1792 417 1845 quantum
428 1782 557 1830 maximum
574 1797 675 1844 praescns
689 1798 766 1845 capere

95 1846 198 1907 potuisti,
209 1845 249 1893 illo
259 1846 304 1904 die,
322 1862 369 1909 quo
385 1846 532 1894 sollicitudini
548 1846 680 1908 pudorique
690 1846 766 1894 candi-

95 1909 201 1959 datorum
217 1911 249 1957 ita
264 1912 406 1969 consuluisti,
423 1926 453 1957 ne
467 1910 538 1956 ullius
548 1910 663 1972 gaudium
673 1910 766 1957 alterius

95 1974 186 2023 tristitia
196 1978 305 2023 turbaret
329 1975 380 2022 Alii
391 1990 444 2022 cum
455 1974 543 2031 laetitit,
555 1973 595 2021 alii
606 1989 660 2021 cum
670 1990 721 2038 spe,
732 1990 767 2021 re·

95 2050 224 2087 cesserunt:
241 2041 321 2087 multis
337 2039 509 2102 gratulandum,
529 2052 598 2086 nemo
615 2038 766 2085 consolandus

94 2100 146 2146 fuit.
163 2104 214 2150 Nec
222 2104 273 2150 ideo
284 2105 375 2166 segnius
383 2105 478 2164 juvenes
489 2111 578 2149 nostros
588 2102 724 2149 exhortatus
733 2118 765 2161 as,

95 2172 200 2211 senatum
218 2167 348 2226 circuirent,
368 2167 456 2216 senatui
467 2166 631 2229 supplicarent,
646 2175 718 2229 atque
733 2167 766 2214 ita

94 2243 109 2274 a
120 2227 226 2290 Principe
236 2240 352 2292 sperarent
366 2232 471 2290 honores,
487 2232 508 2278 si
523 2246 538 2277 a
553 2239 635 2278 senatu
645 2233 763 2294 petissent.

95 2292 150 2352 Quo
160 2293 254 2355 quidem
264 2294 289 2340 in
300 2295 358 2354 loco,
376 2296 395 2343 si
405 2295 490 2358 quibus
500 2310 559 2358 opus
569 2295 686 2358 exemplo,
702 2295 765 2356 adje-

94 2356 152 2415 cisti,
164 2365 191 2403 ut
202 2367 224 2404 te
231 2357 382 2406 imitarentur.
398 2359 518 2417 Arduum,
526 2359 611 2418 Caesar,
619 2360 764 2422 exemplum,

94 2430 117 2468 et
133 2421 196 2485 quod
212 2421 298 2469 imitari
314 2436 361 2470 non
377 2424 452 2486 magis
467 2424 565 2486 quisque
579 2422 764 2482 candidatorum,

92 2500 164 2547 quam
176 2486 319 2550 Principum,
331 2488 408 2550 possit.
431 2486 492 2545 Quis
502 2488 564 2534 euim
575 2487 612 2535 vel
622 2502 671 2534 uno
681 2487 720 2534 die
730 2502 765 2534 re-

90 2552 205 2605 verentior
223 2554 317 2606 senatus
333 2551 481 2607 candidatus,
494 2559 620 2618 quun-uu,
633 2567 689 2596 sum
700 2551 763 2618 sunni

83 2622 144 2689 uiti,
156 2635 213 2678 tum
225 2625 266 2679 illo
278 2624 332 2692 ipso
342 2631 463 2680 tempores
473 2627 522 2673 um
534 2609 627 2670 'tm-*⁴
634 2610 667 2654 ue
674 2609 778 2652 mm·

813 40 817 93 l
