1718 3344
221 483 334 534 ΡΙιΙΝΙΙ
355 483 462 533 EPIST.
481 483 526 531 Vl.
546 485 582 531 18.
676 485 730 550 slot

61 619 131 658 tanta
140 611 271 675 sapientia?
287 629 341 676 quse
350 613 424 659 immo
434 612 534 675 pigritia,
550 611 686 674 arrogantia,
702 613 732 658 si-

62 675 186 735 nisteritas,
197 692 224 724 ac
233 676 310 740 potius
321 677 428 728 amentia.
440 677 465 722 in
476 675 519 723 hoc
529 685 604 723 totum
615 676 677 723 diem
687 677 732 723 im-

59 738 171 802 pendere,
179 741 322 799 utoffeudas,
330 748 359 788 ut
363 740 482 787 inimicum
490 740 615 802 relinquas,
622 740 652 786 ad
663 755 732 802 quem

60 814 185 867 tamquam
195 805 360 853 amicissimum
373 805 482 852 veneris?
502 804 615 851 Disertior
628 804 677 866 ipse
687 808 732 851 cs?
788 818 795 826 ⁸

61 875 129 915 muto
139 869 214 931 magis
228 883 258 916 ue
273 868 388 917 invideris.
411 868 484 925 Nam,
497 869 539 931 qui
553 868 646 920 invidet,
657 868 733 916 minor

61 939 106 980 est.
128 931 246 996 Denique,
257 933 305 981 sive
314 933 376 996 plus,
388 931 434 981 sive
443 933 530 991 miuus,
544 933 590 980 sive
600 932 662 979 idem
673 948 733 994 prae·

60 1005 119 1053 stas,
127 996 206 1056 lauda,
211 997 248 1044 vel
255 997 436 1054 iuferiorcm‚vel
444 998 591 1060 superiorem,
596 997 633 1044 vel
638 1012 731 1060 parem

61 1060 215 1124 superiorem,
231 1062 294 1124 quia,
311 1061 355 1108 nisi
369 1061 498 1109 laudandus
509 1062 548 1109 ille
558 1069 599 1114 sat,
611 1076 657 1123 nau
668 1069 732 1124 potes

60 1124 114 1187 ipse
122 1124 229 1181 laudam
240 1125 379 1183 inferiorem,
390 1134 524 1189 autparem,
535 1125 591 1201 quia
600 1124 733 1189 pertinctad

60 1196 130 1236 tuam
138 1188 245 1251 gloriam,
255 1205 327 1253 quam
337 1190 468 1237 maximum
479 1190 557 1245 viden,
568 1205 638 1252 quem
649 1205 733 1253 prace-

61 1251 101 1300 dis
115 1252 152 1300 rel
162 1267 277 1317 exaequas.
309 1253 426 1316 Equidem
441 1269 528 1312 omnes,
546 1253 587 1318 qui
603 1254 691 1318 aliquid
707 1254 730 1300 in

62 1316 147 1364 sardiis
155 1316 252 1376 faciunt,
268 1317 369 1366 reamari
384 1318 452 1366 etimn
463 1318 587 1380 mbarique
597 1318 665 1366 soleo.
688 1318 732 1366 Est

62 1381 128 1428 euim
142 1396 180 1428 res
193 1381 300 1442 difficilis,
312 1381 392 1442 ardua,
405 1382 529 1442 fastidiosa,
545 1391 568 1430 et
584 1398 638 1446 quae
655 1398 701 1438 eos,
718 1397 733 1429 a

62 1445 151 1508 quibus
160 1448 321 1504 contemnitur,
335 1445 434 1494 invicem
446 1455 584 1494 contemnat.
607 1447 662 1495 Nisi
673 1446 733 1494 forte

62 1508 130 1556 aliud
144 1508 233 1570 judicas
249 1520 291 1566 tnc
308 1525 460 1573 quamquam,
471 1512 524 1574 quis
533 1526 582 1558 uno
594 1519 617 1558 te
629 1525 733 1558 reveren·

63 1574 111 1621 tior
120 1572 191 1634 hujus
200 1576 281 1638 operis,
289 1575 341 1638 quis
347 1573 466 1637 benignio'r
477 1575 617 1623 aestimator?
634 1575 690 1634 Qud
698 1591 734 1621 ra·

63 1638 129 1686 tione
138 1637 230 1698 ductus,
246 1640 289 1687 tibi
300 1638 447 1702 potissimum
461 1638 642 1701 indignationem
654 1653 733 1684 meam

64 1700 166 1766 prodidi,
174 1717 244 1766 quem
251 1704 336 1752 habere
340 1702 428 1750 socium
435 1703 537 1750 maxime
543 1710 654 1765 poteram.
665 1701 734 1749 Vale.

191 1898 263 1963 (18.)
281 1901 309 1948 C.
321 1901 419 1947 Plinius
436 1899 522 1946 Sabino
533 1912 575 1945 rao
586 1901 612 1946 S.

99 2027 179 2090 Rogas
195 2038 222 2077 ut
237 2043 305 2092 agam
316 2029 480 2089 Firmanomm
493 2027 609 2090 publicam
625 2039 733 2082 musamr

63 2090 131 2155 quod
147 2107 198 2155 ega,
212 2108 355 2205 quamquam
370 2092 476 2168 plurimis
488 2092 674 2168 occupationibus
688 2091 735 2138 dis-

65 2163 438 2275 immuniti
447 2164 477 2267 i
484 2166 667 2283 iiiiiiii‘i·
674 2156 735 2267 iiii

65 2298 130 2342 nere,
141 2285 288 2348 obstringere.
304 2283 377 2342 Nam,
386 2300 439 2332 cum
447 2284 626 2332 familiaritatem
633 2293 735 2332 nostram

64 2350 108 2410 (ut
122 2348 180 2396 soles
194 2348 327 2412 praedicare)
341 2349 372 2395 ad
383 2349 515 2412 presidium
528 2358 735 2412 ornamentumque

66 2411 111 2460 abi
122 2413 238 2471 sumseria
248 2413 308 2460 nihil
318 2413 424 2476 estquod
435 2428 518 2475 negare
528 2412 632 2472 debeam,
641 2428 734 2476 praeser·

66 2477 112 2524 tim
120 2492 166 2551 pro
180 2478 255 2540 patrii.
264 2477 357 2541 petenti.
380 2476 444 2536 Quid
456 2477 517 2524 enim
527 2479 632 2540 precibus
642 2487 683 2524 aut
693 2477 735 2523 ho-

65 2548 155 2588 nesam
163 2541 215 2604 piis,
227 2550 267 2589 aut
277 2540 389 2589 efficacius
399 2541 517 2588 amantis?
536 2541 635 2590 Proinde
645 2541 736 2588 Firma·

66 2604 106 2652 nis
115 2605 170 2662 tuis,
182 2620 209 2652 ac
220 2607 271 2666 jam
280 2606 357 2669 potius
371 2606 462 2665 nostris,
473 2605 550 2668 obliga
560 2606 630 2653 iidem
640 2620 716 2653 meam
725 2620 734 2658 e

67 2683 129 2733 quos
138 2669 217 2717 labore
227 2679 250 2717 et
263 2670 339 2717 studio
350 2684 403 2717 meo
415 2669 503 2732 dignos,
518 2686 573 2718 cum
583 2669 689 2734 splendor
698 2669 735 2732 ip-

67 2748 157 2790 sorum,
172 2742 224 2781 tum
238 2733 282 2782 hoc
293 2734 395 2781 maxime
409 2734 536 2797 pollicetur,
552 2735 614 2798 qnod
630 2733 736 2782 credibile

66 2808 102 2847 est
112 2797 212 2860 optimos
222 2812 278 2856 esse,
289 2799 348 2847 inter
355 2813 413 2862 quos
423 2807 449 2846 tu
459 2799 512 2846 talis
521 2799 623 2848 moreris.
643 2798 710 2854 Vela.
