1718 3344
146 187 175 234 18
305 182 418 233 PLINII
441 182 548 231 EPIST.
566 182 588 233 1.
606 185 643 232 16.

265 376 335 441 (tn)
353 380 382 428 c.
393 379 491 427 Plinius
502 379 645 426 artenao
656 379 683 426 s.

173 509 292 556 Amabam
303 507 441 570 Pompeium
452 507 613 566 sismusinum,
624 506 688 554 hunc
698 504 753 554 diso
762 521 819 556 nns-

141 583 221 628 trum;
231 571 401 634 laudabamque
411 573 460 632 ejus
470 571 597 634 ingenium,
609 571 679 618 etiam
687 578 814 634 antequam

142 637 232 694 mrem,
243 651 314 699 quam
326 635 423 692 varium,
435 651 507 698 quam
523 635 632 694 flexibile,
643 651 716 746 tffiam
733 636 815 684 multi-

159 701 197 749 lex
207 713 282 748 suet:
300 713 363 747 nnnc
373 715 425 747 vero
437 708 511 746 totum
521 714 560 746 me
570 707 640 756 tenet,
683 701 730 757 bet,
741 701 816 764 possi.

170 774 189 840 t.
205 764 295 838 Audiui
305 779 383 811 nausas
398 773 504 839 agentem
518 763 598 837 acrites
609 772 632 810 et
642 763 758 839 sidyma,
773 780 816 839 nen

141 828 816 1005 ffimfflniniffiliffinffifflffi

159 973 224 1006 asora
234 957 379 1016 constructio,
387 957 491 1004 sonantia
501 958 570 1004 verba
576 964 599 1002 et
606 956 709 1020 mtiqua.
725 957 817 1006 Omnia

143 1021 193 1070 hat
203 1021 261 1068 mire
271 1021 370 1084 placent,
388 1037 442 1069 cum
457 1021 545 1083 impetu
562 1019 664 1083 quodam
679 1028 703 1068 et
719 1021 816 1070 flumine

142 1085 319 1150 pravehunturs
331 1085 430 1149 planant,
441 1084 461 1133 si
471 1093 626 1132 retractentur.
643 1085 741 1146 Senties,
753 1086 817 1150 qnod

188 1182 196 1208 ‚
207 1165 261 1196 cnm
273 1149 385 1196 orationes
395 1150 444 1210 ejus
455 1149 478 1195 in
488 1163 571 1196 manus
582 1149 699 1209 sumseris,
711 1165 772 1214 quas
782 1151 816 1200 fa-

144 1165 188 1264 m
203 1213 297 1262 cuilibet
309 1222 412 1261 vetemm
427 1215 537 1276 (quorum
551 1222 585 1260 est
599 1213 709 1274 aetnulus)
722 1229 816 1280 compa·

145 1278 214 1329 saltis·
251 1277 317 1326 Idem
335 1286 411 1325 tamen
432 1277 457 1324 in
476 1277 570 1324 historiis
589 1277 663 1341 magis
684 1279 816 1341 satisfaciet,

144 1342 182 1393 val
202 1342 320 1403 brevitate,
342 1343 378 1391 vd
402 1343 463 1401 lune,
482 1342 519 1390 vel
540 1341 660 1400 suavitate,
680 1343 718 1390 vel
739 1344 816 1408 splen-

145 1406 280 1456 dorsetiam
296 1417 318 1455 et
334 1407 474 1455 sublimitate
486 1405 600 1453 narrandi.
626 1407 691 1454 Nam
706 1403 731 1455 in'
742 1409 817 1457 oonsi-

144 1473 228 1525 nnlbus
236 1472 306 1531 idem,
318 1472 358 1536 qui
368 1472 393 1519 in
403 1470 551 1527 orationum,
563 1479 611 1527 est3
623 1471 816 1534 prasiorum,

146 1535 529 1599 ateiruumseriptinretadductior.
546 1536 659 1583 Proeterea
665 1535 816 1599 facitverstu,

163 1601 226 1649 uales
237 1600 344 1650 Catullus
358 1609 399 1646 aut
412 1598 505 1646 Calvus.
529 1599 651 1658 Quantum
666 1599 712 1647 illis
722 1601 816 1665 leporis,

146 1618 281 1721 lucetius,
292 1661 460 1721 amaritudinis,
471 1663 567 1711 amoris!
594 1663 679 1712 Inserit
695 1680 750 1713 sane
768 1667 819 1730 (sed

146 1727 201 1777 data
216 1724 296 1789 operi)
313 1725 424 1773 mollibus
439 1726 575 1790 lenibusque
588 1727 733 1778 duriustulos
748 1747 818 1794 quos·

146 1791 214 1850 dam3
230 1799 253 1838 et
263 1790 315 1848 hnc,
324 1790 390 1853 qnasi
401 1790 507 1839 Catullus
516 1801 558 1839 ant
568 1792 661 1841 Calvus.
678 1792 750 1856 Legit
760 1796 818 1846 mihi

146 1869 221 1918 nuper
231 1854 345 1917 epistolas,
357 1870 415 1917 quas
428 1856 507 1903 uxoris
521 1871 570 1904 esse
581 1855 678 1905 (licebat.
704 1859 818 1909 Plautum

147 1919 185 1969 val
195 1920 333 1968 Terentium
342 1927 416 1971 metro
426 1920 528 1968 solutum
538 1920 585 1983 legi
595 1921 695 1980 creditu
708 1938 762 1986 quae
773 1926 820 1974 sive

111 2036 114 2041 ,
147 1983 225 2032 uxoris
241 1993 303 2043 sunt,
320 1992 347 2031 nt
362 1983 470 2043 affirmat,
487 1984 534 2032 sive
544 1984 624 2048 ipsius,
640 1995 668 2034 ut
677 1997 757 2050 negat,
769 1991 819 2053 pati

146 2048 220 2113 gloria
230 2048 314 2111 dignus
324 2057 367 2109 est,
378 2048 419 2112 qui
429 2057 470 2097 ant
478 2048 519 2097 illa
528 2059 659 2112 uomponat,
670 2043 711 2100 aul
721 2068 819 2103 uxorem

146 2116 230 2178 (quam
249 2113 361 2176 virginem
378 2112 475 2177 nnoepit)
494 2124 542 2162 tam
563 2113 655 2162 doctam
675 2115 820 2182 politamque

146 2177 277 2226 reddiderit.
297 2177 342 2226 Est
352 2193 406 2241 ergo
415 2193 508 2226 mecum
518 2193 560 2242 per
569 2177 632 2225 diem
642 2186 734 2228 totum:
753 2198 820 2232 eum.

146 2240 209 2302 dam,
218 2250 342 2306 antequam
352 2243 459 2301 scribam,
467 2242 584 2301 eumdem,
593 2257 647 2290 cum
654 2243 743 2308 scripsi,
752 2262 820 2297 eum.

146 2305 201 2354 dem
219 2305 297 2365 etiam,
316 2322 370 2355 cum
384 2307 496 2366 remittor,
515 2321 561 2354 non
577 2314 698 2370 tamquam
709 2311 820 2362 eumdem

146 2369 205 2434 lego.
221 2370 301 2430 Quod,
311 2380 333 2420 te
340 2386 442 2435 quoque,
453 2371 565 2429 utstatim,
572 2380 595 2418 et
603 2372 681 2419 hortor
689 2381 817 2426 etmoneo=

145 2434 375 2548 wem
379 2436 818 2567 qilifliliflffiulffllss

189 2533 197 2559 ἱ

146 2577 193 2610 non
204 2564 279 2611 solum
294 2564 364 2611 libros
377 2564 436 2625 ejus,
451 2564 611 2612 verumetiam
622 2564 744 2628 imagines,
761 2585 818 2618 con.

146 2627 302 2692 quiremmus3
315 2627 417 2688 ejusdem
427 2643 489 2677 nunc
498 2629 571 2676 honor
581 2630 698 2693 prasentis
706 2640 730 2680 et
739 2636 817 2696 gratia

146 2693 212 2757 quasi
223 2692 325 2743 satiatus
341 2692 490 2756 langussoet?
515 2692 605 2744 atnoe
619 2709 718 2758 pravum
728 2699 817 2765 malig-
