1718 3344
140 179 155 225 r
318 174 430 224 rmnn
446 174 553 224 nuiss.
570 173 591 221 1.
608 176 631 220 s.
697 133 698 137 ¹

138 305 179 354 sed
190 302 288 354 testinis
321 305 397 368 Coepit
406 304 478 352 vereri
488 319 517 352 ne
528 303 571 352 sibi
580 304 700 350 irascerer:
713 316 755 351 nec
763 304 807 351 fal-

137 371 241 418 lebatur:
258 369 376 418 irascebar.
409 369 499 417 Rustici
515 368 614 416 Aruleni
629 367 758 430 periculum
771 369 807 416 fo-

137 442 209 490 verat,
223 434 375 492 exsultaverat
389 442 471 492 morte,
488 432 544 480 adeo
560 441 587 480 ut
602 432 688 478 librum
704 433 808 480 recitaret

137 499 318 563 publicaretque,
338 498 363 545 in
381 513 428 562 quo
444 497 567 546 Rusticum
586 497 717 553 insectatur,
737 506 808 558 atque

138 562 208 611 etiam
219 565 237 591 “
249 562 376 610 Stoicorum
388 561 496 610 simiam’'
506 561 614 624 appellat.
640 560 726 620 Adjicit
738 564 755 588 “
764 562 808 609 Vi·

137 627 232 674 telliani
241 627 342 674 cicatrice
352 627 513 688 stigrnosum.”
528 625 642 687 Agnoscis
653 625 807 688 eloquentiam

137 690 232 754 Reguli.
265 691 361 738 Lacerat
380 690 526 737 Herennium
542 690 688 736 Senecionem
704 698 753 736 tam
770 690 806 737 in-

137 763 291 818 temperanter
306 755 409 818 quidem,
428 763 456 801 ut
472 754 556 801 dixerit
577 753 598 799 ei
619 753 707 800 Metius
724 754 805 809 Carus,

139 819 234 878 “Quid
248 819 291 868 tibi
305 835 359 867 cum
372 819 430 867 meis
444 818 561 866 mortuis?
578 816 702 879 Numquid
712 833 754 879 ego
765 829 807 866 aut

139 882 222 932 Crasso
232 892 274 932 aut
284 883 406 931 Camerino
416 884 526 930 molestus
536 897 589 929 sum
599 882 627 929 ?’'
645 897 702 944 quos
712 882 752 929 ille
762 885 807 930 snb

138 948 232 995 Nerone
252 956 403 996 accusaverat.
440 947 499 994 Haec
518 961 557 993 me
577 947 683 1007 Regulus
704 946 808 993 dolenter

42 1028 46 1035 ’
138 1012 217 1059 tulisse
227 1012 349 1069 credebat;
367 1026 439 1074 eoque
449 1011 527 1069 etiam,
537 1026 590 1057 cum
601 1010 703 1057 recitaret
709 1011 804 1069 librum,

137 1090 185 1123 non
195 1075 337 1123 adhibuerat.
369 1077 482 1122 Praeterea
492 1074 677 1122 reminiscebatur
687 1090 758 1137 quum
769 1091 808 1122 ca·

137 1139 239 1203 pitaliter
259 1140 336 1202 ipsum
357 1154 395 1186 me
418 1138 481 1201 apud
502 1139 654 1188 centumviros
674 1135 806 1186 lacessisset.

138 1203 241 1250 Aderam
256 1203 386 1262 Arionillae,
401 1202 508 1250 Timonis
523 1203 598 1260 uxori,
613 1211 694 1264 rogatu
705 1204 806 1250 Aruleni

138 1267 230 1316 Rustici
239 1284 246 1324 ς
264 1266 368 1330 Regulus
378 1277 465 1315 contra.
498 1267 637 1314 Nitebamur
647 1281 695 1318 nos,
706 1268 731 1312 in
741 1278 807 1330 parte

43 1339 47 1343 '
138 1346 220 1392 causae,
232 1332 344 1380 sententiis
355 1331 424 1379 Metii
433 1330 542 1391 Modesti,
553 1331 635 1394 optimi
645 1331 703 1378 viri:
721 1331 740 1378 is
751 1340 807 1380 tunc

137 1395 162 1442 in
179 1395 259 1444 exsilio
276 1405 332 1454 erat,
351 1413 366 1444 a
382 1395 517 1443 Domitiano
534 1396 653 1452 relegatus.
687 1394 748 1442 Ecce
764 1397 806 1443 tibi

138 1460 250 1523 Regulus·
285 1463 303 1491 “
314 1461 426 1520 Quiero,”
443 1460 528 1523 iuquit,
547 1462 564 1489 “
576 1458 688 1516 Secunde,
706 1460 808 1522 quidde

138 1525 246 1574 Modesto
263 1526 371 1573 sentias.’'
402 1524 483 1583 Vides,
500 1523 563 1586 quod
579 1523 716 1598 periculum,
735 1524 754 1570 si
770 1540 807 1572 re-

137 1589 280 1650 spondissem
291 1592 309 1619 “
320 1590 386 1637 Bene
394 1588 420 1645 ;'¹
454 1587 500 1635 uod
516 1588 637 1650 flagitium,
655 1587 674 1635 si
685 1591 703 1617 “
715 1587 808 1636 Male.”

137 1653 194 1700 Non
205 1667 299 1715 possum
309 1652 382 1700 dicere
392 1604 455 1700 aliud
465 1659 521 1699 turm
527 1652 594 1712 mihi,
606 1667 677 1714 quam
687 1651 751 1700 Deos
765 1654 807 1702 ad-

137 1715 216 1764 fuisse.
249 1719 267 1746 ‘⁶
278 1716 455 1779 Respondebo‚”
473 1715 579 1780 inquam,
596 1720 614 1746 “
625 1716 683 1780 quid
699 1718 806 1776 sentiam,

137 1779 198 1827 side
207 1780 251 1828 hoc
261 1780 397 1828 centumviri
408 1779 533 1841 judicaturi
547 1781 627 1828 sunt.”
659 1781 748 1829 Rursus
757 1782 807 1840 ille,

139 1847 157 1900 θ
169 1843 264 1904 Quaero,
275 1843 371 1909 quidde
385 1843 492 1892 Modesto
509 1844 617 1892 sentiss.''
649 1845 739 1892 Iterum
754 1862 806 1908 ego,

138 1910 157 1938 “
168 1907 278 1957 solebant
292 1916 359 1957 testes
369 1909 394 1955 in
405 1923 463 1968 reos,
478 1923 525 1956 non
535 1907 559 1957 iri
571 1909 700 1968 damnatos,
710 1909 808 1958 interro-

137 1971 213 2036 μήθ’
245 1972 325 2021 Tertio
332 1973 379 2033 ille,
392 1973 474 2020 “Non
482 1974 532 2034 jam
539 1973 596 2037 quid
604 1974 633 2020 de
642 1973 758 2033 Modesto,
767 1974 807 2022 sed

136 2036 233 2100 quidde
248 2035 332 2100 pietate
342 2036 452 2096 Modesti,
468 2037 557 2093 sentias,
568 2037 671 2100 quaro.'’
704 2042 722 2067 “
734 2039 808 2097 Quae-

136 2101 194 2158 ris,'’
205 2101 309 2165 iuquam,
323 2103 341 2132 “
352 2102 409 2165 quid
419 2101 534 2149 sentiam?
544 2110 569 2150 at
579 2118 622 2164 ego
631 2116 661 2149 ne
668 2101 808 2165 interrogare

136 2164 231 2240 quidem
240 2165 275 2212 fas
303 2173 351 2225 uto,
362 2165 448 2230 dequo
479 2166 636 2214 ronuntiutum
651 2166 709 2214 est.”
743 2168 806 2216 Con-

135 2228 215 2277 ucuitr
232 2244 271 2276 me
311 2245 338 2277 us
355 2238 378 2278 et
394 2245 435 2292 gra
485 2229 517 2277 tio
534 2238 611 2277 secuta
627 2239 669 2289 est,
684 2232 747 2294 qnod
764 2247 807 2282 nec

134 2291 223 2340 famam
232 2308 309 2340 meam
320 2293 397 2358 aliquo
404 2309 510 2358 responso
519 2294 571 2341 utili
577 2294 678 2352 fortasse,
686 2295 813 2346 inhonesto

134 2364 222 2414 tamen,
233 2357 344 2416 laeseram,
356 2373 398 2406 nec
408 2373 447 2405 me
456 2358 545 2421 lmueis
553 2368 601 2406 tam
611 2357 725 2406 insidiose
736 2361 808 2408 inter-

135 2421 258 2483 rogationis
271 2421 420 2470 involverem.
453 2423 477 2469 N
481 2437 525 2470 unc
539 2437 601 2484 ergo,
617 2423 753 2470 conscientiis
764 2440 807 2473 ex·

134 2485 235 2544 territus,
243 2485 517 2548 apprehenditcaecilium
525 2485 636 2546 Celerem,
645 2503 701 2534 mox
706 2488 808 2539 Fabium

135 2548 234 2596 Justum
240 2557 314 2611 rogat,
321 2558 349 2597 ut
358 2565 397 2597 me
404 2550 448 2598 sibi
454 2550 597 2598 reconcilient
606 2568 613 2597 z
625 2565 667 2600 nec
677 2560 806 2614 contentus,

136 2613 239 2676 penurit
254 2613 284 2662 cd
300 2612 448 2677 Spurinnam.
461 2628 464 2637 ·
475 2614 539 2663 Huic
549 2615 689 2678 suppliciter,
705 2617 744 2680 (ut
761 2628 805 2677 est,
