1718 3344
223 476 465 527 Punirmrlsm
485 478 559 527 v111.
576 477 616 526 el.
711 468 759 526 lid
819 538 825 551 .

88 603 160 650 nunt.
190 603 292 660 Conone,
303 621 392 669 peoora,
403 607 485 656 hernae
496 615 581 663 emto,
598 606 630 654 sio
640 605 664 653 in
674 605 761 655 usuro

88 666 154 726 illac,
173 669 238 715 utin
255 678 381 719 extremam
397 671 481 734 ripam,
497 671 617 734 procedere
627 671 707 730 solere,
719 685 762 721 nec

88 731 157 794 prius
166 731 292 796 intelligere
302 736 387 782 mobile
400 736 485 793 solum,
496 750 576 798 quam,
586 734 648 782 litori
658 735 762 798 abrepta,

88 795 160 858 quern
169 796 233 843 illata
243 806 266 844 et
274 797 389 861 imposita,
400 799 564 847 circumfusum
575 798 677 862 undique
684 798 762 847 locum

89 870 198 923 paveant.
210 861 279 920 Mor,
291 877 337 925 quo
344 863 423 910 tulerit
429 873 517 921 ventus,
527 878 624 925 egressa,
633 876 680 909 non
688 864 763 926 magis

90 938 118 971 ee
128 924 270 973 descendisse
286 927 377 981 sentire,
397 943 467 990 quam
486 927 598 975 senserint
612 926 760 975 adscendisse·

91 987 162 1035 Idem
172 989 235 1036 lacus
245 989 269 1036 in
280 991 367 1037 flumen
377 989 485 1054 egeritur,
502 991 574 1054 quod,
589 991 629 1038 ubi
641 1005 665 1038 ee
676 992 762 1054 paulis·

91 1067 135 1114 per
145 1053 218 1100 oculis
233 1054 304 1112 dedit,
323 1069 391 1118 specu
407 1056 525 1118 mergitur,
542 1056 633 1118 alteque
643 1055 762 1103 conditum

91 1125 170 1164 meat:
183 1133 217 1174 ec,
229 1117 248 1165 ei
259 1118 325 1180 quid,
336 1129 389 1166 ente
405 1135 476 1183 quam
487 1120 657 1178 subduceretur,
669 1121 762 1183 occepit,

91 1190 169 1228 servat
179 1189 202 1228 et
212 1183 304 1247 profert.
333 1184 392 1232 Haec
408 1185 450 1231 tibi
466 1184 551 1247 scripsi,
568 1184 624 1246 quia
634 1197 676 1230 nec
685 1185 763 1231 minuc

91 1244 181 1307 ignota,
190 1261 262 1308 quem
271 1247 337 1306 mihi,
348 1262 390 1296 nec
396 1248 473 1296 minus
480 1258 553 1310 grata,
560 1247 686 1295 credebam.
698 1250 764 1296 Nem

91 1319 271 1424 ffiopupssapet
279 1327 325 1375 me,
341 1312 400 1369 nihil
416 1328 489 1377 reque,
507 1328 533 1361 ec
545 1320 634 1360 neturae
643 1326 713 1376 opera
722 1313 764 1360 deo

210 1568 281 1634 (21.)
299 1571 328 1620 C·
341 1572 440 1619 Plinius
450 1569 557 1618 Arriano
567 1567 608 1616 ro'o
617 1562 645 1618 S.

126 1698 163 1745 Ut
172 1695 196 1744 in
207 1698 262 1758 vite,
274 1699 340 1746 sicin
351 1699 440 1755 studiis,
453 1697 633 1760 pulcherrimum
644 1706 667 1744 et
675 1688 761 1746 humi*

91 1762 217 1810 pissimum
234 1764 330 1822 aestimo,
349 1763 490 1811 severitatem
509 1762 685 1823 comitatemque
705 1763 761 1810 mic·

93 1841 154 1883 cere,
162 1841 190 1873 ne
196 1827 237 1874 ille
243 1827 267 1874 in
275 1827 399 1885 tristitiom,
408 1827 457 1873 haec
464 1826 488 1872 in
496 1825 763 1888 permaneamexcedat,

94 1891 154 1948 Qud
163 1892 249 1938 ratione
259 1892 350 1952 ductus,
366 1891 469 1953 graviora
481 1906 550 1952 opera
564 1890 652 1936 lusibus
660 1889 763 1952 jocisque

92 1954 219 2016 distinguo.
248 1956 289 2003 Ad
299 1955 341 2003 hoc
352 1955 503 2018 proferendos,
520 1963 543 2002 et
553 1964 644 2017 ternpus
655 1961 677 2000 et
687 1953 764 2002 locum

91 2021 316 2084 opportrmiseimum
332 2020 401 2083 elegit
418 2029 491 2082 utque
505 2020 554 2079 jam
572 2033 634 2066 nunc
650 2033 765 2066 assuesce·

93 2096 148 2133 rent
156 2093 181 2132 et
190 2088 220 2133 ab
230 2086 309 2133 otiosis
316 2093 340 2132 et
352 2085 377 2130 in
387 2084 485 2132 triclinio
500 2083 582 2141 audiri,
597 2083 666 2130 dulio
676 2097 764 2143 mense,

93 2165 144 2213 quo
154 2150 255 2197 maxime
272 2150 324 2197 lites
339 2149 526 2213 interquiescunt,
543 2148 622 2211 positis
633 2156 685 2194 ente
695 2147 765 2196 lectos

90 2214 218 2272 cathedris,
231 2213 438 2261 emiooecollocevi.
463 2213 531 2260 Forte
542 2211 631 2270 recidit,
648 2223 711 2258 uteo
726 2211 765 2260 dic

94 2294 166 2327 mane
176 2278 201 2324 in
212 2278 381 2326 advocationem
398 2279 497 2324 subitum
510 2291 615 2338 rogarer,
633 2275 695 2338 quod
705 2275 764 2322 milri

90 2358 190 2392 munem
205 2341 361 2405 proloquendi
375 2341 444 2389 dedit.
471 2343 530 2390 Sum
546 2340 608 2388 enirn
621 2339 764 2402 depreeatur,

94 2424 127 2456 ne
134 2400 201 2471 ipuis,
207 2417 234 2455 ut
240 2408 400 2454 irreverentem
408 2406 490 2469 operio,
502 2411 615 2468 argueret,
628 2403 698 2466 quod,
710 2403 767 2450 reci-

94 2478 196 2530 taturud,
206 2485 348 2534 quemquam
360 2479 383 2517 et
393 2471 471 2518 emiolc
481 2478 504 2517 et
513 2469 600 2532 paucis,
608 2468 669 2514 idem
679 2467 766 2515 iterum

91 2537 184 2591 nmide,
199 2537 256 2594 loro,
267 2543 291 2582 et
301 2535 405 2597 negotiis,
416 2549 463 2582 non
473 2532 640 2582 abstinuissem.
665 2531 764 2590 Addidi,
804 2530 807 2541 ¹

92 2603 161 2650 lrunc
171 2601 274 2647 ordinem
283 2611 321 2647 me
337 2607 361 2646 et
375 2599 400 2645 in
411 2599 527 2646 scribendo
543 2597 616 2660 sequi,
634 2604 661 2643 nt
671 2596 767 2644 necesci-

94 2674 157 2714 tatee
167 2664 331 2727 voluptatibus,
343 2663 400 2710 serie
405 2663 516 2724 jucundis
526 2661 670 2718 anteferrem,
682 2676 709 2708 cc
718 2661 768 2723 pria

94 2745 167 2778 mum
185 2729 273 2786 amicis,
292 2737 343 2776 tum
359 2727 426 2785 mihi,
443 2728 570 2775 scriberem.
599 2724 670 2772 lnlrer
683 2725 728 2771 fuit
745 2731 768 2771 et

92 2793 215 2858 opusculis
226 2793 301 2840 verine
311 2800 335 2843 et
344 2791 430 2838 metris.
458 2789 495 2839 lle
505 2791 612 2847 solemus,
624 2788 665 2852 qui
675 2787 768 2850 ingenio

97 2873 184 2922 parurn
194 2856 412 2915 illucescentis
422 2855 550 2918 periculum
560 2854 646 2916 iirgere.
664 2850 768 2899 Recitavi

97 2922 187 2972 biduo:
204 2921 248 2969 hoc
265 2934 368 2968 ”cenem
382 2919 527 2969 audientium
538 2917 626 2982 exegit.
639 2917 785 2968 82th

92 2995 126 3034 ur
134 2986 177 3035 alii
185 2992 302 3034 cenem
313 2984 433 3053 quedem,
441 2986 630 3055 imputantque,
640 2979 712 3046 qnod
719 2986 805 3026 tm*
