1718 3344
138 152 166 198 16
295 151 408 199 PLINII
430 150 538 199 EPIST.
556 149 577 199 l·
596 153 634 198 14.

199 348 210 412 (
220 343 270 408 14.)
289 347 318 396 C.
329 347 427 393 Plinius
436 346 513 393 lunio
523 344 638 391 Maurico
649 357 691 390 taso
702 345 729 392 S.

168 473 238 527 Petis,
256 482 283 521 ut
300 473 376 521 fratris
395 474 429 521 tui
448 473 502 521 filiae
518 472 656 536 prospiciam
675 471 803 530 maritum

134 537 197 602 quod
212 539 294 586 merito
310 537 368 584 mihi
383 538 528 602 potissimum
543 537 652 599 injungis.
676 536 725 584 Sn's
741 537 805 585 enim

134 610 275 666 quantopere
287 608 406 650 summum
416 602 484 649 illum
492 601 568 648 virum
579 600 721 663 suspexerim
732 601 806 648 dilex-

134 794 179 841 dus
193 794 289 854 viderer,
300 795 404 843 effecerit
421 794 489 843 Nihil
503 802 546 852 est,
558 793 620 857 quod
633 809 647 840 a
661 802 684 840 te
697 793 806 842 mandari

134 857 193 906 mihi
206 867 248 907 aut
261 861 337 920 majus
352 869 393 907 aut
408 859 503 924 gratius,
518 857 578 905 nihil
589 857 651 921 quod
662 858 805 906 honestiust

134 936 173 970 me
189 923 272 986 suscipi
286 923 364 988 possit,
373 939 446 988 quam
457 930 485 969 ut
496 922 580 986 eligam
588 922 707 983 juvenem,
716 937 747 970 ex
757 937 807 986 qno

134 986 197 1034 nasei
213 997 305 1052 nepotes
317 988 424 1035 Aruleno
438 987 534 1035 Rustico
544 986 629 1034 dmeal.
644 985 695 1045 Qui
708 984 806 1048 quidem

134 1050 175 1098 diu
184 1053 322 1114 quarendus
332 1051 420 1110 risisset,
432 1050 477 1099 nisi
486 1058 580 1114 paratus
590 1058 613 1099 et
623 1050 690 1114 quasi
700 1051 807 1113 pmvisus

133 1116 317 1165 essetliiirrucius
323 1115 451 1171 Atilianus,
459 1116 500 1179 qui
506 1131 551 1170 me,
557 1123 584 1163 ut
589 1114 680 1176 juvenis
683 1116 805 1176 juveneta,

134 1181 181 1244 (est
191 1179 253 1228 enim
260 1181 336 1228 minor
342 1180 446 1244 pauculis
451 1178 528 1240 anuis)
536 1178 808 1242 familiarissimediligit,

135 1254 249 1292 reveretur
259 1254 290 1307 ut
296 1260 383 1293 senem
401 1243 505 1292 Namita
512 1243 606 1291 formari
616 1259 631 1290 a
638 1258 677 1290 me
685 1252 708 1290 et
715 1243 807 1292 institui

135 1309 207 1371 eupit,
218 1319 246 1358 ut
261 1325 303 1374 ego
314 1326 328 1357 a
338 1309 403 1358 vobis
413 1309 521 1359 solebam.
539 1307 617 1356 Patria
628 1315 663 1356 est
677 1307 698 1355 ei
712 1308 805 1369 Brixia,

33 1370 36 1375 ’
135 1373 211 1422 exiiii
221 1375 299 1424 nostri
310 1375 386 1433 ltalii,
395 1390 448 1438 qua
457 1373 561 1420 multum
568 1371 643 1420 adhuc
653 1372 805 1433 vmecundiae,

133 1431 279 1502 frugalitatis,
295 1449 365 1504 atque
381 1439 450 1487 enam
461 1436 592 1486 rusticitatis
601 1435 711 1499 antiqua,
722 1437 806 1485 retinet

134 1517 161 1551 ae
177 1514 258 1552 servat
280 1505 349 1553 Pater
365 1503 484 1552 Minucius
501 1501 627 1555 Macrinus,
642 1500 753 1564 equestris
769 1517 807 1549 or·

133 1567 194 1614 dinis
204 1568 318 1631 princeps,
329 1568 385 1632 quia
394 1567 454 1615 nihil
463 1566 532 1614 altius
542 1565 629 1614 voluite
640 1563 735 1613 allectus
741 1565 806 1614 eninr

134 1646 150 1678 a
157 1630 219 1678 Divo
227 1632 368 1694 Vespasiano
378 1631 438 1678 iuter
447 1629 571 1693 pretorius,
576 1630 695 1678 honestam
702 1628 806 1704 quietem

134 1692 189 1746 huie
206 1702 289 1743 nostrae
307 1694 436 1752 ambitioni,
456 1693 540 1753 diuam,
559 1709 590 1742 an
608 1693 734 1757 digrritatrl
750 1708 806 1742 oon·

134 1757 272 1806 sintimime
299 1758 390 1806 retulit.
408 1758 487 1806 Habet
500 1758 576 1807 aviam
586 1767 715 1806 maternam
725 1759 806 1807 Serra·

134 1821 229 1869 naml’
307 1837 332 1870 m
351 1837 364 1870 e
381 1822 507 1886 municipio
527 1822 646 1870 Patauino.
670 1822 741 1870 Nbsti
760 1822 805 1871 looi

134 1900 217 1933 mores.
236 1887 333 1934 &nana
347 1895 425 1935 tamen
440 1887 556 1936 Patavinis
587 1902 664 1950 noque
680 1886 806 1936 averium

134 1951 268 2013 exmrplum
282 1959 323 1999 est.
345 1951 449 2013 Contigit
458 1960 481 1999 et
494 1902 621 2000 avuneihus
632 1951 654 1999 ei
664 1950 693 1997 Ρ.
703 1951 805 2012 Acilius,

134 2013 253 2077 gravimte,
264 2014 394 2079 prudentii,
400 2015 445 2063 fide
451 2031 523 2079 prope
531 2015 648 2078 singulari.
665 2012 695 2062 Iu
703 2015 805 2076 summi,

133 2078 194 2126 nihil
208 2079 251 2127 erit
265 2080 289 2127 in
300 2080 369 2128 domo
383 2079 511 2147 toti„quod
526 2094 573 2127 non
588 2078 631 2126 tibi
645 2087 766 2153 tamquam
780 2081 807 2128 in

132 2143 807 2267 sistrumfflmniluuntls

134 2280 230 2332 amram,
242 2225 394 2333 iniustitiam,
408 2281 541 2338 prumiam,
556 2271 714 2320 honestissime
724 2272 807 2334 pireu-

133 2336 229 2448 miti,
235 2340 390 2450 aeEjpmuhprp
408 2353 433 2414 se
451 2335 669 2450 tliilperphseomsimffi
687 2337 806 2411 ambiendi

134 2415 211 2449 remur
280 2419 291 2450 s
382 2417 441 2451 aeres
587 2413 613 2447 m
782 2417 796 2449 e

133 2464 209 2512 multo
225 2468 307 2529 rubore
323 2465 418 2515 suffusa.
442 2466 488 2514 Est
502 2433 603 2528 ingeiua
618 2414 807 2527 ωιίιιεᾝῑίἑ

134 2528 289 2592 pulchritudo,
306 2531 437 2605 etquidem
452 2530 578 2578 senatorius
591 2528 676 2586 desor3
693 2545 746 2592 que
763 2544 807 2594 ego

134 2592 282 2658 nequimuam
303 2597 400 2642 arbitror
420 2594 572 2658 negligendae
589 2593 657 2641 debet
677 2593 740 2641 enim
761 2593 807 2642 hoe

134 2658 231 2708 mstitati
246 2659 375 2724 puellarum
386 2659 453 2725 quasi
463 2659 585 2725 praemium
596 2656 654 2707 dan.
678 2655 806 2708 Neseio‘en
