<?xml version="1.0" encoding="UTF-8"?>
<!DOCTYPE html PUBLIC "-//W3C//DTD XHTML 1.0 Transitional//EN"
    "http://www.w3.org/TR/xhtml1/DTD/xhtml1-transitional.dtd">
<html xmlns="http://www.w3.org/1999/xhtml" xml:lang="en" lang="en">
 <head>
  <title>
</title>
<meta http-equiv="Content-Type" content="text/html;charset=utf-8" />
  <meta name='ocr-system' content='tesseract 3.04.00' />
  <meta name='ocr-capabilities' content='ocr_page ocr_carea ocr_par ocr_line ocrx_word'/>
</head>
<body>
  <div class='ocr_page' id='page_1' title='image "./cpliniicciliise00plingoog_0048.png"; bbox 0 0 1718 3344; ppageno 0'>
   <div class='ocr_carea' id='block_1_1' title="bbox 246 474 759 539">
    <p class='ocr_par' dir='ltr' id='par_1_1' title="bbox 246 474 759 539">
     <span class='ocr_line' id='line_1_1' title="bbox 246 474 759 539; baseline -0.002 -15"><span class='ocrx_word' id='word_1_1' title='bbox 246 475 363 525; x_wconf 75' lang='lat' dir='ltr'><strong>norun</strong></span> <span class='ocrx_word' id='word_1_2' title='bbox 387 474 495 525; x_wconf 73' lang='lat' dir='ltr'><strong>nerse.</strong></span> <span class='ocrx_word' id='word_1_3' title='bbox 513 475 550 525; x_wconf 89' lang='lat'><strong>11.</strong></span> <span class='ocrx_word' id='word_1_4' title='bbox 568 478 593 523; x_wconf 74' lang='lat' dir='ltr'><strong>s.</strong></span> <span class='ocrx_word' id='word_1_5' title='bbox 726 478 759 539; x_wconf 80' lang='lat' dir='ltr'><strong>ss</strong></span> 
     </span>
    </p>
   </div>
   <div class='ocr_carea' id='block_1_2' title="bbox 84 605 769 3047">
    <p class='ocr_par' dir='ltr' id='par_1_2' title="bbox 87 605 760 733">
     <span class='ocr_line' id='line_1_2' title="bbox 88 605 760 671; baseline -0.003 -16"><span class='ocrx_word' id='word_1_6' title='bbox 88 617 112 656; x_wconf 88' lang='lat' dir='ltr'><strong>et</strong></span> <span class='ocrx_word' id='word_1_7' title='bbox 131 606 271 671; x_wconf 81' lang='lat' dir='ltr'><strong>srnpliiioere</strong></span> <span class='ocrx_word' id='word_1_8' title='bbox 289 605 425 669; x_wconf 75' lang='lat' dir='ltr'><strong>gaudemus,</strong></span> <span class='ocrx_word' id='word_1_9' title='bbox 444 606 575 669; x_wconf 70' lang='lat' dir='ltr'><strong>pariterque</strong></span> <span class='ocrx_word' id='word_1_10' title='bbox 593 614 617 654; x_wconf 88' lang='lat' dir='ltr'><strong>et</strong></span> <span class='ocrx_word' id='word_1_11' title='bbox 635 605 760 653; x_wconf 76' lang='lat' dir='ltr'><strong>deferisiom</strong></span> 
     </span>
     <span class='ocr_line' id='line_1_3' title="bbox 87 670 759 733; baseline -0.003 -14"><span class='ocrx_word' id='word_1_12' title='bbox 87 674 140 733; x_wconf 85' lang='lat' dir='ltr'><strong>ejus</strong></span> <span class='ocrx_word' id='word_1_13' title='bbox 164 671 283 729; x_wconf 73' lang='lat' dir='ltr'>servimus,</span> <span class='ocrx_word' id='word_1_14' title='bbox 305 679 329 717; x_wconf 84' lang='lat' dir='ltr'><strong>et</strong></span> <span class='ocrx_word' id='word_1_15' title='bbox 349 670 434 732; x_wconf 70' lang='lat' dir='ltr'><strong>glorie.</strong></span> <span class='ocrx_word' id='word_1_16' title='bbox 467 670 508 718; x_wconf 87' lang='grc' dir='ltr'><strong>Τιι</strong></span> <span class='ocrx_word' id='word_1_17' title='bbox 533 681 611 718; x_wconf 79' lang='lat' dir='ltr'><strong>temen</strong></span> <span class='ocrx_word' id='word_1_18' title='bbox 632 670 681 718; x_wconf 73' lang='lat' dir='ltr'><strong>hmo</strong></span> <span class='ocrx_word' id='word_1_19' title='bbox 701 670 759 733; x_wconf 82' lang='lat' dir='ltr'><strong>ipss,</strong></span> 
     </span>
    </p>

    <p class='ocr_par' dir='ltr' id='par_1_3' title="bbox 84 733 769 3047">
     <span class='ocr_line' id='line_1_4' title="bbox 104 733 760 797; baseline -0.003 -13"><span class='ocrx_word' id='word_1_20' title='bbox 104 745 204 784; x_wconf 80' lang='lat' dir='ltr'><strong>uentum</strong></span> <span class='ocrx_word' id='word_1_21' title='bbox 220 735 279 783; x_wconf 83' lang='lat' dir='ltr'><strong>rstio</strong></span> <span class='ocrx_word' id='word_1_22' title='bbox 295 735 404 797; x_wconf 77' lang='lat' dir='ltr'>exegerit,</span> <span class='ocrx_word' id='word_1_23' title='bbox 421 750 502 782; x_wconf 74' lang='lat' dir='ltr'><strong>resws.</strong></span> <span class='ocrx_word' id='word_1_24' title='bbox 535 734 633 793; x_wconf 86' lang='lat' dir='ltr'><strong>Quoties</strong></span> <span class='ocrx_word' id='word_1_25' title='bbox 651 733 714 782; x_wconf 92' lang='lat' dir='ltr'><strong>enim</strong></span> <span class='ocrx_word' id='word_1_26' title='bbox 730 734 760 782; x_wconf 89' lang='lat' dir='ltr'><strong>sd</strong></span> 
     </span>
     <span class='ocr_line' id='line_1_5' title="bbox 87 754 760 862; baseline -0.003 -14"><span class='ocrx_word' id='word_1_27' title='bbox 87 754 209 848; x_wconf 61' lang='lat' dir='ltr'><strong>istium</strong></span> <span class='ocrx_word' id='word_1_28' title='bbox 227 798 354 862; x_wconf 82' lang='lat' dir='ltr'><strong>legentium</strong></span> <span class='ocrx_word' id='word_1_29' title='bbox 371 798 509 862; x_wconf 75' lang='lat' dir='ltr'>deliciasque</span> <span class='ocrx_word' id='word_1_30' title='bbox 524 799 629 862; x_wconf 71' lang='lat' dir='ltr'><strong>respicio,</strong></span> <span class='ocrx_word' id='word_1_31' title='bbox 647 798 760 860; x_wconf 81' lang='lat' dir='ltr'><strong>intelligo,</strong></span> 
     </span>
     <span class='ocr_line' id='line_1_6' title="bbox 89 862 761 927; baseline -0.003 -15"><span class='ocrx_word' id='word_1_32' title='bbox 89 866 156 912; x_wconf 86' lang='lat' dir='ltr'><strong>nobis</strong></span> <span class='ocrx_word' id='word_1_33' title='bbox 174 862 396 913; x_wconf 70' lang='lat' dir='ltr'><strong>commendationem</strong></span> <span class='ocrx_word' id='word_1_34' title='bbox 416 878 446 910; x_wconf 85' lang='lat' dir='ltr'><strong>ex</strong></span> <span class='ocrx_word' id='word_1_35' title='bbox 467 863 518 927; x_wconf 69' lang='lat' dir='ltr'><strong>ipsi</strong></span> <span class='ocrx_word' id='word_1_36' title='bbox 538 863 693 911; x_wconf 77' lang='lat' dir='ltr'><strong>mediocritate</strong></span> <span class='ocrx_word' id='word_1_37' title='bbox 707 862 761 910; x_wconf 89' lang='lat' dir='ltr'>libri</span> 
     </span>
     <span class='ocr_line' id='line_1_7' title="bbox 88 926 761 993; baseline -0.004 -17"><span class='ocrx_word' id='word_1_38' title='bbox 88 929 224 993; x_wconf 70' lang='lat' dir='ltr'><strong>petendam.</strong></span> <span class='ocrx_word' id='word_1_39' title='bbox 241 926 307 974; x_wconf 89' lang='lat' dir='ltr'><strong>Idem</strong></span> <span class='ocrx_word' id='word_1_40' title='bbox 321 936 408 986; x_wconf 80' lang='lat' dir='ltr'><strong>temen,</strong></span> <span class='ocrx_word' id='word_1_41' title='bbox 423 927 465 991; x_wconf 88' lang='lat' dir='ltr'><strong>qui</strong></span> <span class='ocrx_word' id='word_1_42' title='bbox 475 944 489 975; x_wconf 84' lang='lat' dir='ltr'><strong>n</strong></span> <span class='ocrx_word' id='word_1_43' title='bbox 499 937 522 976; x_wconf 88' lang='lat' dir='ltr'><strong>te</strong></span> <span class='ocrx_word' id='word_1_44' title='bbox 532 926 592 976; x_wconf 75' lang='lat' dir='ltr'><strong>hanc</strong></span> <span class='ocrx_word' id='word_1_45' title='bbox 605 927 761 975; x_wconf 73' lang='lat' dir='ltr'><strong>austeritatem</strong></span> 
     </span>
     <span class='ocr_line' id='line_1_8' title="bbox 90 991 761 1056; baseline 0.003 -18"><span class='ocrx_word' id='word_1_46' title='bbox 90 994 168 1056; x_wconf 79' lang='lat' dir='ltr'><strong>exigo,</strong></span> <span class='ocrx_word' id='word_1_47' title='bbox 180 991 489 1056; x_wconf 73' lang='lat' dir='ltr'><strong>oogoridquoddiversum</strong></span> <span class='ocrx_word' id='word_1_48' title='bbox 504 1001 547 1052; x_wconf 86' lang='lat' dir='ltr'><strong>est,</strong></span> <span class='ocrx_word' id='word_1_49' title='bbox 562 992 761 1056; x_wconf 59' lang='lat' dir='ltr'><strong>postulsreutin</strong></span> 
     </span>
     <span class='ocr_line' id='line_1_9' title="bbox 89 1055 761 1121; baseline -0.001 -17"><span class='ocrx_word' id='word_1_50' title='bbox 89 1058 207 1121; x_wconf 86' lang='lat' dir='ltr'><strong>plerisque</strong></span> <span class='ocrx_word' id='word_1_51' title='bbox 225 1055 325 1103; x_wconf 77' lang='lat' dir='ltr'><strong>frontem</strong></span> <span class='ocrx_word' id='word_1_52' title='bbox 345 1055 455 1103; x_wconf 77' lang='lat' dir='ltr'><strong>remittas.</strong></span> <span class='ocrx_word' id='word_1_53' title='bbox 488 1057 549 1105; x_wconf 86' lang='lat' dir='ltr'><strong>Sunt</strong></span> <span class='ocrx_word' id='word_1_54' title='bbox 570 1057 631 1104; x_wconf 90' lang='lat' dir='ltr'><strong>enim</strong></span> <span class='ocrx_word' id='word_1_55' title='bbox 653 1056 761 1120; x_wconf 68' lang='lat' dir='ltr'><strong>qmthm</strong></span> 
     </span>
     <span class='ocr_line' id='line_1_10' title="bbox 88 1119 762 1184; baseline -0.001 -15"><span class='ocrx_word' id='word_1_56' title='bbox 88 1121 269 1169; x_wconf 83' lang='lat' dir='ltr'><strong>sdolesoentinm</strong></span> <span class='ocrx_word' id='word_1_57' title='bbox 281 1119 375 1169; x_wconf 76' lang='lat' dir='ltr'><strong>auribus</strong></span> <span class='ocrx_word' id='word_1_58' title='bbox 390 1119 475 1178; x_wconf 73' lang='lat' dir='ltr'><strong>duodo,</strong></span> <span class='ocrx_word' id='word_1_59' title='bbox 490 1121 617 1184; x_wconf 77' lang='lat' dir='ltr'><strong>preseru&#39;m</strong></span> <span class='ocrx_word' id='word_1_60' title='bbox 630 1121 650 1168; x_wconf 87' lang='lat' dir='ltr'><strong>si</strong></span> <span class='ocrx_word' id='word_1_61' title='bbox 665 1120 762 1168; x_wconf 60' lang='lat' dir='ltr'><strong>mauis</strong></span> 
     </span>
     <span class='ocr_line' id='line_1_11' title="bbox 88 1183 761 1248; baseline -0.003 -14"><span class='ocrx_word' id='word_1_62' title='bbox 88 1200 137 1234; x_wconf 87' lang='lat' dir='ltr'><strong>oon</strong></span> <span class='ocrx_word' id='word_1_63' title='bbox 147 1186 281 1248; x_wconf 71' lang='lat' dir='ltr'><strong>refragetur.</strong></span> <span class='ocrx_word' id='word_1_64' title='bbox 298 1184 363 1231; x_wconf 85' lang='lat' dir='ltr'><strong>Nsm</strong></span> <span class='ocrx_word' id='word_1_65' title='bbox 373 1183 534 1248; x_wconf 76' lang='lat' dir='ltr'><strong>deseriptiones</strong></span> <span class='ocrx_word' id='word_1_66' title='bbox 549 1185 661 1242; x_wconf 83' lang='lat' dir='ltr'><strong>looorum,</strong></span> <span class='ocrx_word' id='word_1_67' title='bbox 672 1200 727 1248; x_wconf 78' lang='lat' dir='ltr'><strong>quus</strong></span> <span class='ocrx_word' id='word_1_68' title='bbox 736 1185 761 1232; x_wconf 88' lang='lat' dir='ltr'><strong>in</strong></span> 
     </span>
     <span class='ocr_line' id='line_1_12' title="bbox 88 1248 761 1312; baseline -0.003 -14"><span class='ocrx_word' id='word_1_69' title='bbox 88 1250 133 1298; x_wconf 85' lang='lat' dir='ltr'><strong>hoe</strong></span> <span class='ocrx_word' id='word_1_70' title='bbox 148 1251 210 1298; x_wconf 90' lang='lat' dir='ltr'><strong>libro</strong></span> <span class='ocrx_word' id='word_1_71' title='bbox 224 1248 388 1312; x_wconf 83' lang='lat' dir='ltr'><strong>frequentiores</strong></span> <span class='ocrx_word' id='word_1_72' title='bbox 397 1259 474 1308; x_wconf 83' lang='lat' dir='ltr'><strong>erunt,</strong></span> <span class='ocrx_word' id='word_1_73' title='bbox 485 1264 533 1297; x_wconf 90' lang='lat' dir='ltr'><strong>non</strong></span> <span class='ocrx_word' id='word_1_74' title='bbox 543 1249 647 1298; x_wconf 74' lang='lat' dir='ltr'><strong>historice</strong></span> <span class='ocrx_word' id='word_1_75' title='bbox 657 1258 761 1308; x_wconf 81' lang='lat' dir='ltr'><strong>tontum,</strong></span> 
     </span>
     <span class='ocr_line' id='line_1_13' title="bbox 88 1313 762 1378; baseline 0 -16"><span class='ocrx_word' id='word_1_76' title='bbox 88 1315 129 1362; x_wconf 87' lang='lat' dir='ltr'><strong>sed</strong></span> <span class='ocrx_word' id='word_1_77' title='bbox 143 1330 217 1378; x_wconf 87' lang='lat' dir='ltr'><strong>prope</strong></span> <span class='ocrx_word' id='word_1_78' title='bbox 231 1313 327 1376; x_wconf 68' lang='lat' dir='ltr'><strong>poetice,</strong></span> <span class='ocrx_word' id='word_1_79' title='bbox 338 1313 446 1377; x_wconf 77' lang='lat' dir='ltr'><strong>prosequi</strong></span> <span class='ocrx_word' id='word_1_80' title='bbox 455 1313 491 1362; x_wconf 80' lang='lat' dir='ltr'><strong>fes</strong></span> <span class='ocrx_word' id='word_1_81' title='bbox 502 1324 543 1362; x_wconf 82' lang='lat' dir='ltr'><strong>est.</strong></span> <span class='ocrx_word' id='word_1_82' title='bbox 562 1314 634 1374; x_wconf 87' lang='lat' dir='ltr'><strong>Quod</strong></span> <span class='ocrx_word' id='word_1_83' title='bbox 648 1322 727 1362; x_wconf 72' lang='lat' dir='ltr'><strong>temer</strong></span> <span class='ocrx_word' id='word_1_84' title='bbox 742 1313 762 1361; x_wconf 86' lang='lat' dir='ltr'><strong>si</strong></span> 
     </span>
     <span class='ocr_line' id='line_1_14' title="bbox 88 1376 762 1443; baseline -0.001 -16"><span class='ocrx_word' id='word_1_85' title='bbox 88 1380 143 1443; x_wconf 87' lang='lat' dir='ltr'><strong>quis</strong></span> <span class='ocrx_word' id='word_1_86' title='bbox 159 1377 270 1427; x_wconf 80' lang='lat' dir='ltr'><strong>exstiterit</strong></span> <span class='ocrx_word' id='word_1_87' title='bbox 280 1376 321 1440; x_wconf 91' lang='lat' dir='ltr'><strong>qui</strong></span> <span class='ocrx_word' id='word_1_88' title='bbox 337 1385 402 1441; x_wconf 86' lang='lat' dir='ltr'><strong>putet</strong></span> <span class='ocrx_word' id='word_1_89' title='bbox 417 1393 460 1426; x_wconf 89' lang='lat' dir='ltr'><strong>nos</strong></span> <span class='ocrx_word' id='word_1_90' title='bbox 477 1377 575 1443; x_wconf 75' lang='lat' dir='ltr'><strong>[letius]</strong></span> <span class='ocrx_word' id='word_1_91' title='bbox 587 1379 674 1435; x_wconf 80' lang='lat' dir='ltr'><strong>fecisse,</strong></span> <span class='ocrx_word' id='word_1_92' title='bbox 690 1392 762 1441; x_wconf 79' lang='lat' dir='ltr'><strong>quem</strong></span> 
     </span>
     <span class='ocr_line' id='line_1_15' title="bbox 88 1441 761 1505; baseline -0.004 -14"><span class='ocrx_word' id='word_1_93' title='bbox 88 1443 199 1491; x_wconf 71' lang='lat' dir='ltr'><strong>orationis</strong></span> <span class='ocrx_word' id='word_1_94' title='bbox 216 1441 322 1490; x_wconf 74' lang='lat' dir='ltr'><strong>severitas</strong></span> <span class='ocrx_word' id='word_1_95' title='bbox 338 1441 430 1505; x_wconf 80' lang='lat' dir='ltr'><strong>exigut;</strong></span> <span class='ocrx_word' id='word_1_96' title='bbox 452 1443 531 1504; x_wconf 85' lang='lat' dir='ltr'><strong>hujus,</strong></span> <span class='ocrx_word' id='word_1_97' title='bbox 553 1452 581 1491; x_wconf 91' lang='lat' dir='ltr'><strong>ut</strong></span> <span class='ocrx_word' id='word_1_98' title='bbox 600 1443 634 1492; x_wconf 79' lang='lat' dir='ltr'><strong>its</strong></span> <span class='ocrx_word' id='word_1_99' title='bbox 654 1442 761 1502; x_wconf 78' lang='lat' dir='ltr'><strong>dixerim,</strong></span> 
     </span>
     <span class='ocr_line' id='line_1_16' title="bbox 88 1506 763 1569; baseline -0.003 -13"><span class='ocrx_word' id='word_1_100' title='bbox 88 1508 207 1556; x_wconf 78' lang='lat' dir='ltr'><strong>tristitiem</strong></span> <span class='ocrx_word' id='word_1_101' title='bbox 221 1506 316 1569; x_wconf 73' lang='lat' dir='ltr'><strong>relique</strong></span> <span class='ocrx_word' id='word_1_102' title='bbox 330 1514 405 1569; x_wconf 77' lang='lat' dir='ltr'><strong>portes</strong></span> <span class='ocrx_word' id='word_1_103' title='bbox 421 1507 515 1555; x_wconf 79' lang='lat' dir='ltr'><strong>aetionis</strong></span> <span class='ocrx_word' id='word_1_104' title='bbox 531 1522 625 1555; x_wconf 81' lang='lat' dir='ltr'><strong>exorere</strong></span> <span class='ocrx_word' id='word_1_105' title='bbox 638 1508 763 1556; x_wconf 78' lang='lat' dir='ltr'><strong>debebunt.</strong></span> 
     </span>
     <span class='ocr_line' id='line_1_17' title="bbox 90 1571 764 1635; baseline -0.001 -15"><span class='ocrx_word' id='word_1_106' title='bbox 90 1571 179 1620; x_wconf 80' lang='lat' dir='ltr'><strong>Anuisi</strong></span> <span class='ocrx_word' id='word_1_107' title='bbox 196 1579 256 1620; x_wconf 85' lang='lat' dir='ltr'><strong>oerte</strong></span> <span class='ocrx_word' id='word_1_108' title='bbox 273 1584 364 1626; x_wconf 81' lang='lat' dir='ltr'><strong>sumus,</strong></span> <span class='ocrx_word' id='word_1_109' title='bbox 382 1579 410 1618; x_wconf 88' lang='lat' dir='ltr'><strong>ut</strong></span> <span class='ocrx_word' id='word_1_110' title='bbox 428 1572 556 1635; x_wconf 80' lang='lat' dir='ltr'><strong>quemlibet</strong></span> <span class='ocrx_word' id='word_1_111' title='bbox 573 1571 662 1620; x_wconf 80' lang='lat' dir='ltr'><strong>diverse</strong></span> <span class='ocrx_word' id='word_1_112' title='bbox 680 1586 764 1634; x_wconf 74' lang='lat' dir='ltr'><strong>genere</strong></span> 
     </span>
     <span class='ocr_line' id='line_1_18' title="bbox 87 1634 763 1699; baseline -0.003 -15"><span class='ocrx_word' id='word_1_113' title='bbox 87 1637 202 1684; x_wconf 81' lang='lat' dir='ltr'><strong>ieotorum</strong></span> <span class='ocrx_word' id='word_1_114' title='bbox 218 1651 259 1699; x_wconf 92' lang='lat' dir='ltr'><strong>per</strong></span> <span class='ocrx_word' id='word_1_115' title='bbox 274 1634 351 1697; x_wconf 88' lang='lat' dir='ltr'><strong>plures</strong></span> <span class='ocrx_word' id='word_1_116' title='bbox 367 1634 457 1682; x_wconf 86' lang='lat' dir='ltr'><strong>dioendi</strong></span> <span class='ocrx_word' id='word_1_117' title='bbox 468 1636 553 1698; x_wconf 84' lang='lat' dir='ltr'><strong>speeies</strong></span> <span class='ocrx_word' id='word_1_118' title='bbox 564 1644 700 1683; x_wconf 68' lang='lat' dir='ltr'><strong>tenuernus.</strong></span> <span class='ocrx_word' id='word_1_119' title='bbox 715 1636 763 1692; x_wconf 83' lang='lat' dir='ltr'><strong>Ao,</strong></span> 
     </span>
     <span class='ocr_line' id='line_1_19' title="bbox 92 1698 764 1762; baseline -0.003 -14"><span class='ocrx_word' id='word_1_120' title='bbox 92 1700 152 1748; x_wconf 75' lang='lat' dir='ltr'><strong>sitiit</strong></span> <span class='ocrx_word' id='word_1_121' title='bbox 162 1714 275 1757; x_wconf 85' lang='lat' dir='ltr'><strong>veremur,</strong></span> <span class='ocrx_word' id='word_1_122' title='bbox 286 1713 316 1746; x_wconf 89' lang='lat' dir='ltr'><strong>ne</strong></span> <span class='ocrx_word' id='word_1_123' title='bbox 326 1698 466 1761; x_wconf 71' lang='lat' dir='ltr'><strong>quibusdam</strong></span> <span class='ocrx_word' id='word_1_124' title='bbox 475 1714 529 1762; x_wconf 82' lang='lat' dir='ltr'><strong>pers</strong></span> <span class='ocrx_word' id='word_1_125' title='bbox 540 1700 626 1762; x_wconf 77' lang='lat' dir='ltr'><strong>alique,</strong></span> <span class='ocrx_word' id='word_1_126' title='bbox 637 1698 764 1747; x_wconf 85' lang='lat' dir='ltr'><strong>seeundum</strong></span> 
     </span>
     <span class='ocr_line' id='line_1_20' title="bbox 92 1762 764 1826; baseline -0.004 -14"><span class='ocrx_word' id='word_1_127' title='bbox 92 1779 161 1812; x_wconf 76' lang='lat' dir='ltr'><strong>suern</strong></span> <span class='ocrx_word' id='word_1_128' title='bbox 171 1765 226 1826; x_wconf 81' lang='lat' dir='ltr'><strong>cuju</strong></span> <span class='ocrx_word' id='word_1_129' title='bbox 253 1778 284 1810; x_wconf 90' lang='lat' dir='ltr'><strong>ue</strong></span> <span class='ocrx_word' id='word_1_130' title='bbox 293 1770 410 1822; x_wconf 75' lang='lat' dir='ltr'><strong>naturam,</strong></span> <span class='ocrx_word' id='word_1_131' title='bbox 421 1777 468 1809; x_wconf 92' lang='lat' dir='ltr'><strong>non</strong></span> <span class='ocrx_word' id='word_1_132' title='bbox 478 1765 587 1825; x_wconf 87' lang='lat' dir='ltr'><strong>probetur</strong></span> <span class='ocrx_word' id='word_1_133' title='bbox 597 1779 605 1819; x_wconf 75' lang='grc' dir='ltr'>ς</span> <span class='ocrx_word' id='word_1_134' title='bbox 616 1762 649 1810; x_wconf 82' lang='lat' dir='ltr'><strong>its</strong></span> <span class='ocrx_word' id='word_1_135' title='bbox 658 1762 764 1810; x_wconf 85' lang='lat' dir='ltr'><strong>videmur</strong></span> 
     </span>
     <span class='ocr_line' id='line_1_21' title="bbox 92 1825 764 1903; baseline -0.001 -27"><span class='ocrx_word' id='word_1_136' title='bbox 92 1843 160 1903; x_wconf 82' lang='lat' dir='ltr'><strong>porse</strong></span> <span class='ocrx_word' id='word_1_137' title='bbox 176 1827 235 1876; x_wconf 85' lang='lat' dir='ltr'><strong>eonii</strong></span> <span class='ocrx_word' id='word_1_138' title='bbox 314 1834 341 1873; x_wconf 91' lang='lat' dir='ltr'><strong>nt</strong></span> <span class='ocrx_word' id='word_1_139' title='bbox 354 1825 526 1879; x_wconf 73' lang='lat' dir='ltr'><strong>universitatem</strong></span> <span class='ocrx_word' id='word_1_140' title='bbox 544 1826 651 1874; x_wconf 89' lang='lat' dir='ltr'><strong>omnibus</strong></span> <span class='ocrx_word' id='word_1_141' title='bbox 667 1826 764 1875; x_wconf 81' lang='lat' dir='ltr'><strong>vnrietss</strong></span> 
     </span>
     <span class='ocr_line' id='line_1_22' title="bbox 84 1888 764 1956; baseline -0.003 -16"><span class='ocrx_word' id='word_1_142' title='bbox 84 1906 143 1956; x_wconf 79' lang='lat' dir='ltr'><strong>rpss</strong></span> <span class='ocrx_word' id='word_1_143' title='bbox 152 1891 303 1940; x_wconf 86' lang='lat' dir='ltr'><strong>oommendet</strong></span> <span class='ocrx_word' id='word_1_144' title='bbox 329 1888 401 1949; x_wconf 77' lang='lat' dir='ltr'><strong>Nom,</strong></span> <span class='ocrx_word' id='word_1_145' title='bbox 418 1899 442 1937; x_wconf 85' lang='lat' dir='ltr'><strong>et</strong></span> <span class='ocrx_word' id='word_1_146' title='bbox 456 1890 482 1938; x_wconf 89' lang='lat' dir='ltr'><strong>in</strong></span> <span class='ocrx_word' id='word_1_147' title='bbox 497 1890 591 1938; x_wconf 75' lang='lat' dir='ltr'><strong>ratione</strong></span> <span class='ocrx_word' id='word_1_148' title='bbox 600 1890 764 1951; x_wconf 67' lang='lat' dir='ltr'><strong>murinorum,</strong></span> 
     </span>
     <span class='ocr_line' id='line_1_23' title="bbox 92 1953 765 2020; baseline 0 -16"><span class='ocrx_word' id='word_1_149' title='bbox 92 1956 200 2020; x_wconf 81' lang='lat' dir='ltr'><strong>quemvis</strong></span> <span class='ocrx_word' id='word_1_150' title='bbox 210 1970 225 2002; x_wconf 87' lang='lat' dir='ltr'><strong>s</strong></span> <span class='ocrx_word' id='word_1_151' title='bbox 234 1955 350 2019; x_wconf 89' lang='lat' dir='ltr'><strong>plerisque</strong></span> <span class='ocrx_word' id='word_1_152' title='bbox 359 1953 416 2003; x_wconf 80' lang='lat' dir='ltr'><strong>cibis</strong></span> <span class='ocrx_word' id='word_1_153' title='bbox 426 1954 511 2018; x_wconf 79' lang='lat' dir='ltr'><strong>singuli</strong></span> <span class='ocrx_word' id='word_1_154' title='bbox 522 1964 683 2019; x_wconf 88' lang='lat' dir='ltr'><strong>temperemus,</strong></span> <span class='ocrx_word' id='word_1_155' title='bbox 691 1962 765 2004; x_wconf 85' lang='lat' dir='ltr'><strong>totsm</strong></span> 
     </span>
     <span class='ocr_line' id='line_1_24' title="bbox 93 2019 766 2085; baseline 0 -16"><span class='ocrx_word' id='word_1_156' title='bbox 93 2031 174 2069; x_wconf 77' lang='lat' dir='ltr'><strong>temen</strong></span> <span class='ocrx_word' id='word_1_157' title='bbox 184 2035 272 2068; x_wconf 77' lang='lat' dir='ltr'><strong>omnem</strong></span> <span class='ocrx_word' id='word_1_158' title='bbox 287 2019 381 2067; x_wconf 76' lang='lat' dir='ltr'><strong>laudere</strong></span> <span class='ocrx_word' id='word_1_159' title='bbox 391 2034 470 2067; x_wconf 89' lang='lat' dir='ltr'><strong>omnes</strong></span> <span class='ocrx_word' id='word_1_160' title='bbox 481 2020 595 2077; x_wconf 66' lang='lat' dir='ltr'><strong>solemnre</strong></span> <span class='ocrx_word' id='word_1_161' title='bbox 612 2035 655 2068; x_wconf 86' lang='lat' dir='ltr'><strong>nee</strong></span> <span class='ocrx_word' id='word_1_162' title='bbox 665 2035 700 2080; x_wconf 83' lang='lat' dir='ltr'><strong>ee,</strong></span> <span class='ocrx_word' id='word_1_163' title='bbox 712 2030 766 2085; x_wconf 73' lang='lat' dir='ltr'><strong>quse</strong></span> 
     </span>
     <span class='ocr_line' id='line_1_25' title="bbox 93 2084 764 2148; baseline 0 -15"><span class='ocrx_word' id='word_1_164' title='bbox 93 2084 227 2133; x_wconf 75' lang='lat' dir='ltr'><strong>stomachus</strong></span> <span class='ocrx_word' id='word_1_165' title='bbox 248 2093 324 2132; x_wconf 87' lang='lat' dir='ltr'><strong>noster</strong></span> <span class='ocrx_word' id='word_1_166' title='bbox 344 2095 441 2143; x_wconf 81' lang='lat' dir='ltr'><strong>recusat,</strong></span> <span class='ocrx_word' id='word_1_167' title='bbox 464 2084 570 2132; x_wconf 89' lang='lat' dir='ltr'><strong>sdimuot</strong></span> <span class='ocrx_word' id='word_1_168' title='bbox 590 2084 688 2148; x_wconf 77' lang='lat' dir='ltr'><strong>gretiam</strong></span> <span class='ocrx_word' id='word_1_169' title='bbox 708 2085 764 2147; x_wconf 88' lang='lat' dir='ltr'><strong>illis,</strong></span> 
     </span>
     <span class='ocr_line' id='line_1_26' title="bbox 92 2147 765 2213; baseline 0.001 -17"><span class='ocrx_word' id='word_1_170' title='bbox 92 2149 181 2213; x_wconf 87' lang='lat' dir='ltr'><strong>quibus</strong></span> <span class='ocrx_word' id='word_1_171' title='bbox 194 2147 290 2211; x_wconf 84' lang='lat' dir='ltr'><strong>ospitur.</strong></span> <span class='ocrx_word' id='word_1_172' title='bbox 309 2147 390 2210; x_wconf 81' lang='lat' dir='ltr'><strong>Atque</strong></span> <span class='ocrx_word' id='word_1_173' title='bbox 400 2147 450 2196; x_wconf 77' lang='lat' dir='ltr'><strong>hreo</strong></span> <span class='ocrx_word' id='word_1_174' title='bbox 459 2163 503 2212; x_wconf 79' lang='lat' dir='ltr'><strong>ego</strong></span> <span class='ocrx_word' id='word_1_175' title='bbox 512 2149 545 2196; x_wconf 86' lang='lat' dir='ltr'><strong>sic</strong></span> <span class='ocrx_word' id='word_1_176' title='bbox 555 2149 627 2213; x_wconf 76' lang='lat' dir='ltr'><strong>recipi</strong></span> <span class='ocrx_word' id='word_1_177' title='bbox 641 2150 702 2208; x_wconf 84' lang='lat' dir='ltr'><strong>volo,</strong></span> <span class='ocrx_word' id='word_1_178' title='bbox 717 2165 765 2198; x_wconf 88' lang='lat' dir='ltr'><strong>non</strong></span> 
     </span>
     <span class='ocr_line' id='line_1_27' title="bbox 91 2213 766 2278; baseline -0.001 -16"><span class='ocrx_word' id='word_1_179' title='bbox 91 2223 216 2276; x_wconf 71' lang='lat' dir='ltr'><strong>tnmqnsm</strong></span> <span class='ocrx_word' id='word_1_180' title='bbox 228 2221 357 2260; x_wconf 77' lang='lat' dir='ltr'><strong>assecutum</strong></span> <span class='ocrx_word' id='word_1_181' title='bbox 371 2227 409 2258; x_wconf 90' lang='lat' dir='ltr'><strong>me</strong></span> <span class='ocrx_word' id='word_1_182' title='bbox 421 2227 469 2259; x_wconf 89' lang='lat' dir='ltr'><strong>esse</strong></span> <span class='ocrx_word' id='word_1_183' title='bbox 484 2213 584 2271; x_wconf 79' lang='lat' dir='ltr'><strong>credam,</strong></span> <span class='ocrx_word' id='word_1_184' title='bbox 596 2213 635 2262; x_wconf 86' lang='lat' dir='ltr'><strong>sed</strong></span> <span class='ocrx_word' id='word_1_185' title='bbox 646 2221 766 2278; x_wconf 77' lang='lat' dir='ltr'><strong>tamquam</strong></span> 
     </span>
     <span class='ocr_line' id='line_1_28' title="bbox 92 2275 765 2340; baseline 0.003 -16"><span class='ocrx_word' id='word_1_186' title='bbox 92 2277 186 2340; x_wconf 79' lang='lat' dir='ltr'><strong>assequi</strong></span> <span class='ocrx_word' id='word_1_187' title='bbox 195 2276 353 2335; x_wconf 77' lang='lat' dir='ltr'><strong>laboraverim,</strong></span> <span class='ocrx_word' id='word_1_188' title='bbox 364 2275 458 2324; x_wconf 76' lang='lat' dir='ltr'><strong>fortasse</strong></span> <span class='ocrx_word' id='word_1_189' title='bbox 467 2292 515 2325; x_wconf 88' lang='lat' dir='ltr'><strong>non</strong></span> <span class='ocrx_word' id='word_1_190' title='bbox 524 2278 617 2338; x_wconf 80' lang='lat' dir='ltr'><strong>frustra,</strong></span> <span class='ocrx_word' id='word_1_191' title='bbox 628 2278 648 2326; x_wconf 84' lang='lat' dir='ltr'><strong>si</strong></span> <span class='ocrx_word' id='word_1_192' title='bbox 658 2278 728 2326; x_wconf 87' lang='lat' dir='ltr'><strong>modo</strong></span> <span class='ocrx_word' id='word_1_193' title='bbox 738 2289 765 2326; x_wconf 88' lang='lat' dir='ltr'><strong>tu</strong></span> 
     </span>
     <span class='ocr_line' id='line_1_29' title="bbox 92 2340 766 2407; baseline 0.004 -20"><span class='ocrx_word' id='word_1_194' title='bbox 92 2357 174 2391; x_wconf 77' lang='lat' dir='ltr'><strong>curem</strong></span> <span class='ocrx_word' id='word_1_195' title='bbox 189 2350 255 2388; x_wconf 82' lang='lat' dir='ltr'><strong>tuum</strong></span> <span class='ocrx_word' id='word_1_196' title='bbox 266 2340 393 2387; x_wconf 88' lang='lat' dir='ltr'><strong>sdmoveris</strong></span> <span class='ocrx_word' id='word_1_197' title='bbox 406 2340 499 2388; x_wconf 88' lang='lat' dir='ltr'><strong>interim</strong></span> <span class='ocrx_word' id='word_1_198' title='bbox 514 2341 572 2399; x_wconf 87' lang='lat' dir='ltr'><strong>istis,</strong></span> <span class='ocrx_word' id='word_1_199' title='bbox 588 2357 644 2390; x_wconf 85' lang='lat' dir='ltr'><strong>mox</strong></span> <span class='ocrx_word' id='word_1_200' title='bbox 659 2342 696 2390; x_wconf 86' lang='lat' dir='ltr'><strong>his</strong></span> <span class='ocrx_word' id='word_1_201' title='bbox 712 2358 766 2407; x_wconf 87' lang='lat' dir='ltr'><strong>qure</strong></span> 
     </span>
     <span class='ocr_line' id='line_1_30' title="bbox 93 2405 766 2469; baseline 0.004 -17"><span class='ocrx_word' id='word_1_202' title='bbox 93 2413 231 2469; x_wconf 87' lang='lat' dir='ltr'><strong>sequuntur.</strong></span> <span class='ocrx_word' id='word_1_203' title='bbox 254 2405 324 2452; x_wconf 83' lang='lat' dir='ltr'><strong>Dices</strong></span> <span class='ocrx_word' id='word_1_204' title='bbox 342 2412 366 2452; x_wconf 88' lang='lat' dir='ltr'><strong>te</strong></span> <span class='ocrx_word' id='word_1_205' title='bbox 382 2419 429 2451; x_wconf 90' lang='lat' dir='ltr'><strong>non</strong></span> <span class='ocrx_word' id='word_1_206' title='bbox 447 2420 513 2468; x_wconf 83' lang='lat' dir='ltr'><strong>posse</strong></span> <span class='ocrx_word' id='word_1_207' title='bbox 529 2406 583 2454; x_wconf 82' lang='lat' dir='ltr'><strong>setis</strong></span> <span class='ocrx_word' id='word_1_208' title='bbox 599 2406 720 2469; x_wconf 75' lang='lat' dir='ltr'><strong>diligenter</strong></span> <span class='ocrx_word' id='word_1_209' title='bbox 740 2407 766 2454; x_wconf 91' lang='lat' dir='ltr'><strong>id</strong></span> 
     </span>
     <span class='ocr_line' id='line_1_31' title="bbox 93 2468 764 2544; baseline 0.007 -29"><span class='ocrx_word' id='word_1_210' title='bbox 93 2470 177 2528; x_wconf 73' lang='lat' dir='ltr'><strong>faeere,</strong></span> <span class='ocrx_word' id='word_1_211' title='bbox 186 2469 230 2516; x_wconf 87' lang='lat' dir='ltr'><strong>nisi</strong></span> <span class='ocrx_word' id='word_1_212' title='bbox 240 2469 305 2532; x_wconf 88' lang='lat' dir='ltr'><strong>prius</strong></span> <span class='ocrx_word' id='word_1_213' title='bbox 316 2477 387 2516; x_wconf 80' lang='lat' dir='ltr'><strong>totam</strong></span> <span class='ocrx_word' id='word_1_214' title='bbox 395 2468 506 2516; x_wconf 82' lang='lat' dir='ltr'><strong>sotionem</strong></span> <span class='ocrx_word' id='word_1_215' title='bbox 515 2470 653 2544; x_wconf 67' lang='lat' dir='ltr'><strong>cognoveris.</strong></span> <span class='ocrx_word' id='word_1_216' title='bbox 669 2471 764 2520; x_wconf 73' lang='lat' dir='ltr'><strong>Fateors</strong></span> 
     </span>
     <span class='ocr_line' id='line_1_32' title="bbox 94 2533 766 2597; baseline 0.003 -15"><span class='ocrx_word' id='word_1_217' title='bbox 94 2536 120 2583; x_wconf 91' lang='lat' dir='ltr'><strong>in</strong></span> <span class='ocrx_word' id='word_1_218' title='bbox 135 2533 256 2597; x_wconf 73' lang='lat' dir='ltr'><strong>presentia</strong></span> <span class='ocrx_word' id='word_1_219' title='bbox 270 2545 347 2580; x_wconf 80' lang='lat' dir='ltr'><strong>temen</strong></span> <span class='ocrx_word' id='word_1_220' title='bbox 356 2541 379 2580; x_wconf 87' lang='lat' dir='ltr'><strong>et</strong></span> <span class='ocrx_word' id='word_1_221' title='bbox 388 2534 432 2580; x_wconf 81' lang='lat' dir='ltr'><strong>ists</strong></span> <span class='ocrx_word' id='word_1_222' title='bbox 443 2533 484 2581; x_wconf 90' lang='lat' dir='ltr'><strong>tibi</strong></span> <span class='ocrx_word' id='word_1_223' title='bbox 494 2534 642 2583; x_wconf 75' lang='lat' dir='ltr'><strong>familiariore</strong></span> <span class='ocrx_word' id='word_1_224' title='bbox 659 2534 723 2595; x_wconf 85' lang='lat' dir='ltr'><strong>flent,</strong></span> <span class='ocrx_word' id='word_1_225' title='bbox 743 2544 766 2584; x_wconf 88' lang='lat' dir='ltr'><strong>et</strong></span> 
     </span>
     <span class='ocr_line' id='line_1_33' title="bbox 95 2596 767 2662; baseline 0.003 -16"><span class='ocrx_word' id='word_1_226' title='bbox 95 2597 205 2662; x_wconf 83' lang='lat' dir='ltr'><strong>quaedem</strong></span> <span class='ocrx_word' id='word_1_227' title='bbox 221 2613 250 2645; x_wconf 83' lang='lat' dir='ltr'><strong>ex</strong></span> <span class='ocrx_word' id='word_1_228' title='bbox 265 2596 302 2643; x_wconf 89' lang='lat' dir='ltr'><strong>his</strong></span> <span class='ocrx_word' id='word_1_229' title='bbox 318 2596 374 2644; x_wconf 76' lang='lat' dir='ltr'><strong>telio</strong></span> <span class='ocrx_word' id='word_1_230' title='bbox 388 2610 464 2656; x_wconf 88' lang='lat' dir='ltr'><strong>erunt,</strong></span> <span class='ocrx_word' id='word_1_231' title='bbox 477 2607 505 2646; x_wconf 89' lang='lat' dir='ltr'><strong>ut</strong></span> <span class='ocrx_word' id='word_1_232' title='bbox 514 2613 556 2661; x_wconf 89' lang='lat' dir='ltr'><strong>per</strong></span> <span class='ocrx_word' id='word_1_233' title='bbox 565 2608 640 2662; x_wconf 73' lang='lat' dir='ltr'><strong>portes</strong></span> <span class='ocrx_word' id='word_1_234' title='bbox 651 2599 767 2648; x_wconf 75' lang='lat' dir='ltr'><strong>emendari</strong></span> 
     </span>
     <span class='ocr_line' id='line_1_34' title="bbox 94 2661 767 2727; baseline 0.006 -19"><span class='ocrx_word' id='word_1_235' title='bbox 94 2663 192 2727; x_wconf 87' lang='lat' dir='ltr'><strong>possint.</strong></span> <span class='ocrx_word' id='word_1_236' title='bbox 208 2661 311 2716; x_wconf 83' lang='lat' dir='ltr'><strong>Etenim,</strong></span> <span class='ocrx_word' id='word_1_237' title='bbox 323 2661 344 2708; x_wconf 87' lang='lat' dir='ltr'><strong>si</strong></span> <span class='ocrx_word' id='word_1_238' title='bbox 354 2661 460 2708; x_wconf 79' lang='lat' dir='ltr'><strong>avulsum</strong></span> <span class='ocrx_word' id='word_1_239' title='bbox 471 2671 553 2710; x_wconf 73' lang='lat' dir='ltr'><strong>status</strong></span> <span class='ocrx_word' id='word_1_240' title='bbox 563 2672 632 2727; x_wconf 79' lang='lat' dir='ltr'><strong>ceput</strong></span> <span class='ocrx_word' id='word_1_241' title='bbox 643 2672 684 2711; x_wconf 82' lang='lat' dir='ltr'><strong>sut</strong></span> <span class='ocrx_word' id='word_1_242' title='bbox 694 2679 767 2712; x_wconf 87' lang='lat' dir='ltr'><strong>mern·</strong></span> 
     </span>
     <span class='ocr_line' id='line_1_35' title="bbox 96 2725 768 2792; baseline 0.001 -17"><span class='ocrx_word' id='word_1_243' title='bbox 96 2729 168 2775; x_wconf 90' lang='lat' dir='ltr'><strong>brum</strong></span> <span class='ocrx_word' id='word_1_244' title='bbox 177 2725 271 2788; x_wconf 71' lang='lat' dir='ltr'><strong>aliquod</strong></span> <span class='ocrx_word' id='word_1_245' title='bbox 278 2725 407 2789; x_wconf 78' lang='lat' dir='ltr'><strong>inspiceres,</strong></span> <span class='ocrx_word' id='word_1_246' title='bbox 416 2739 462 2773; x_wconf 87' lang='lat' dir='ltr'><strong>non</strong></span> <span class='ocrx_word' id='word_1_247' title='bbox 471 2737 498 2774; x_wconf 88' lang='lat' dir='ltr'><strong>tu</strong></span> <span class='ocrx_word' id='word_1_248' title='bbox 506 2726 600 2790; x_wconf 91' lang='lat' dir='ltr'><strong>quidem</strong></span> <span class='ocrx_word' id='word_1_249' title='bbox 608 2743 637 2774; x_wconf 84' lang='lat' dir='ltr'><strong>ex</strong></span> <span class='ocrx_word' id='word_1_250' title='bbox 645 2728 685 2776; x_wconf 92' lang='lat' dir='ltr'><strong>illo</strong></span> <span class='ocrx_word' id='word_1_251' title='bbox 692 2743 768 2792; x_wconf 86' lang='lat' dir='ltr'><strong>posses</strong></span> 
     </span>
     <span class='ocr_line' id='line_1_36' title="bbox 95 2789 768 2856; baseline -0.001 -17"><span class='ocrx_word' id='word_1_252' title='bbox 95 2790 270 2853; x_wconf 79' lang='lat' dir='ltr'><strong>oongruentinm</strong></span> <span class='ocrx_word' id='word_1_253' title='bbox 285 2789 485 2853; x_wconf 72' lang='lat' dir='ltr'><strong>equalitatemque</strong></span> <span class='ocrx_word' id='word_1_254' title='bbox 499 2790 675 2854; x_wconf 72' lang='lat' dir='ltr'><strong>deprehendere,</strong></span> <span class='ocrx_word' id='word_1_255' title='bbox 691 2808 768 2856; x_wconf 78' lang='lat' dir='ltr'><strong>posses</strong></span> 
     </span>
     <span class='ocr_line' id='line_1_37' title="bbox 98 2852 769 2918; baseline 0.003 -16"><span class='ocrx_word' id='word_1_256' title='bbox 98 2863 178 2902; x_wconf 77' lang='lat' dir='ltr'><strong>tamen</strong></span> <span class='ocrx_word' id='word_1_257' title='bbox 190 2853 294 2916; x_wconf 80' lang='lat' dir='ltr'><strong>jndionre</strong></span> <span class='ocrx_word' id='word_1_258' title='bbox 304 2869 334 2900; x_wconf 81' lang='lat' dir='ltr'><strong>sn</strong></span> <span class='ocrx_word' id='word_1_259' title='bbox 344 2852 369 2900; x_wconf 92' lang='lat' dir='ltr'><strong>id</strong></span> <span class='ocrx_word' id='word_1_260' title='bbox 379 2853 455 2915; x_wconf 87' lang='lat' dir='ltr'><strong>ipsum</strong></span> <span class='ocrx_word' id='word_1_261' title='bbox 470 2855 524 2902; x_wconf 83' lang='lat' dir='ltr'><strong>setis</strong></span> <span class='ocrx_word' id='word_1_262' title='bbox 534 2855 626 2918; x_wconf 80' lang='lat' dir='ltr'><strong>elegans</strong></span> <span class='ocrx_word' id='word_1_263' title='bbox 637 2865 700 2904; x_wconf 87' lang='lat' dir='ltr'><strong>esset</strong></span> <span class='ocrx_word' id='word_1_264' title='bbox 718 2856 769 2904; x_wconf 85' lang='lat' dir='ltr'><strong>Nee</strong></span> 
     </span>
     <span class='ocr_line' id='line_1_38' title="bbox 98 2916 768 2980; baseline -0.001 -14"><span class='ocrx_word' id='word_1_265' title='bbox 98 2919 147 2966; x_wconf 71' lang='lat' dir='ltr'><strong>alit</strong></span> <span class='ocrx_word' id='word_1_266' title='bbox 168 2933 198 2966; x_wconf 80' lang='lat' dir='ltr'><strong>er</strong></span> <span class='ocrx_word' id='word_1_267' title='bbox 219 2917 288 2965; x_wconf 71' lang='lat' dir='ltr'><strong>deusd</strong></span> <span class='ocrx_word' id='word_1_268' title='bbox 310 2916 420 2980; x_wconf 83' lang='lat' dir='ltr'><strong>principis</strong></span> <span class='ocrx_word' id='word_1_269' title='bbox 435 2918 547 2966; x_wconf 89' lang='lat' dir='ltr'><strong>librorum</strong></span> <span class='ocrx_word' id='word_1_270' title='bbox 569 2919 768 2975; x_wconf 77' lang='lat' dir='ltr'><strong>circumferuntur,</strong></span> 
     </span>
     <span class='ocr_line' id='line_1_39' title="bbox 97 2980 768 3047; baseline 0.001 -16"><span class='ocrx_word' id='word_1_271' title='bbox 97 2980 378 3047; x_wconf 76' lang='lat' dir='ltr'><strong>quamquisexistimutur</strong></span> <span class='ocrx_word' id='word_1_272' title='bbox 385 2997 437 3044; x_wconf 75' lang='lat' dir='ltr'><strong>pars</strong></span> <span class='ocrx_word' id='word_1_273' title='bbox 445 2983 604 3047; x_wconf 54' lang='lat' dir='ltr'><strong>sdquqetism</strong></span> <span class='ocrx_word' id='word_1_274' title='bbox 615 2984 665 3032; x_wconf 84' lang='lat' dir='ltr'><strong>sine</strong></span> <span class='ocrx_word' id='word_1_275' title='bbox 675 2982 768 3043; x_wconf 49' lang='lat' dir='ltr'><strong>sewum</strong></span> 
     </span>
    </p>
   </div>
   <div class='ocr_carea' id='block_1_3' title="bbox 0 0 876 3344">
    <p class='ocr_par' dir='ltr' id='par_1_4' title="bbox 0 0 876 3344">
     <span class='ocr_line' id='line_1_40' title="bbox 0 0 876 3344; baseline 0 0"><span class='ocrx_word' id='word_1_276' title='bbox 0 0 876 3344; x_wconf 95' lang='lat' dir='ltr'><strong> </strong></span> 
     </span>
    </p>
   </div>
  </div>
 </body>
</html>
