1718 3344
99 131 144 177 loo
242 127 354 174 Pthll
371 127 479 177 EPIST.
495 129 557 179 Vll.
578 134 617 183 le.
687 142 690 147 '

96 272 171 312 scena,
182 265 205 304 et
215 271 297 304 corone
304 255 420 303 diffirsior:
434 271 488 304 nam
498 257 552 307 illos
563 277 661 325 quoque
673 266 774 316 sordidos

96 321 240 384 pullatosque
258 335 393 368 reveremur.
422 321 516 381 Nonne,
536 325 557 371 ei
576 327 656 389 prima
676 338 773 397 qunque

96 385 221 448 improbari
227 393 303 449 putes,
310 383 434 431 debilitaris
440 395 463 432 et
469 387 570 437 concidis
579 393 591 437 i
599 390 712 455 Opinon
721 396 774 459 quia

96 451 229 497 innumero
242 449 292 512 ipso
307 457 341 495 est
356 449 474 511 quoddam
487 466 511 497 m
559 468 602 501 um
613 457 773 525 oollammque

96 514 232 569 eonsilium
250 512 380 576 quibusque
391 513 487 575 singulis
495 516 524 575 ju
541 516 578 564 'cii
589 534 687 581 parum,
699 524 774 571 omni·

96 581 140 626 bus
155 578 290 641 plurimmn.
313 577 396 639 laque
413 577 473 624 Pom
503 580 557 629 nius
572 583 708 648 Secundus,
727 588 774 652 (hic

97 642 192 704 scriptor
202 640 400 704 tragoediarum)si
407 641 464 705 quid
472 594 532 691 israe
537 645 678 696 familiarior
685 652 773 701 amicus

96 704 233 762 tollendum,
244 705 292 768 ipse
303 704 446 752 retinendum
458 707 615 770 arbitraretur,
627 711 706 763 dicere
715 717 773 765 sole.

96 771 144 826 bat,
156 772 174 797 “
186 768 227 815 Ad
238 769 351 878 poqulum
361 771 492 831 provoeo=”
508 781 578 835 atque
595 775 637 835 ila,
648 793 680 825 ex
691 780 771 844 populi

97 833 133 880 vel
143 831 232 879 silentio
243 849 270 880 vc
289 847 390 891 assensu,
405 843 447 881 aut
461 850 528 883 auam
538 845 580 884 aut
594 841 667 888 amici
682 855 771 893 semen.

96 897 153 944 tiam
164 898 306 959 sequebatur.
326 897 431 944 Tantum
441 898 481 946 ille
491 901 578 963 populo
589 902 670 952 dabat.
691 909 770 967 Renes,

95 975 125 1019 on
136 976 208 1019 secus,
223 961 282 1007 nihil
296 960 326 1008 acl
337 976 382 1009 me.
406 961 459 1024 Ego
469 963 531 1011 enim
542 979 589 1013 non
600 971 720 1032 populum
730 973 769 1022 ad·

96 1039 182 1082 vocare,
194 1024 234 1071 sed
244 1033 315 1072 certos
325 1025 452 1088 electosque
463 1028 531 1088 soleo,
542 1046 601 1093 quoa
607 1032 711 1095 intuear,
720 1038 770 1100 qui.

96 1090 139 1136 bus
160 1087 260 1147 credam,
279 1105 337 1152 quos
358 1089 457 1154 denique
478 1101 501 1139 et
522 1102 645 1168 tamquam
667 1100 770 1164 singidos

95 1155 222 1210 observem,
234 1162 256 1200 et
267 1161 386 1215 tamquam
397 1168 443 1201 non
455 1155 557 1218 singulos
566 1167 672 1208 timeam.
697 1165 768 1221 Nam,

96 1217 158 1281 quod
169 1216 207 1264 M.
218 1217 298 1265 Cicero
308 1217 337 1264 de
347 1217 408 1276 stilo,
419 1233 462 1280 ego
472 1219 501 1266 de
511 1229 575 1269 metu
586 1225 670 1273 sentio.
688 1228 770 1278 Timor

96 1291 131 1330 eat
141 1281 272 1330 emendator
283 1281 413 1330 acerrimus.
439 1283 492 1331 lloc
504 1284 591 1348 ipsum,
604 1291 670 1351 quod
684 1307 727 1342 nos
736 1310 768 1341 re·
787 1296 788 1300 ’

96 1346 203 1395 citaturos
213 1346 347 1409 cogitemus,
360 1347 480 1394 emendat:
499 1349 562 1412 quod
577 1351 722 1405 auditorium
732 1358 768 1405 in-

95 1412 221 1473 gredimur,
239 1410 358 1459 emendet:
382 1411 444 1473 quod
462 1413 584 1473 pallemus,
605 1415 767 1481 horrescimus,

95 1475 298 1588 οἱιωιιέῒερὲιίιέιιιιι,
310 1475 444 1586 ιειιιειιᾶιιῖιῐῃ
452 1474 618 1591 Pffffinirir
624 1484 767 1562 poenitet'me

95 1556 204 1588 consuu
244 1555 351 1598 mmeae,
406 1556 420 1587 a
560 1559 577 1589 u
646 1563 676 1594 ex
726 1567 762 1599 or:

95 1605 197 1667 adeoque
207 1618 253 1649 non
264 1556 536 1653 deterreorqsermunoulis
546 1605 653 1667 istorum,
665 1565 766 1663 ulieiiltm

95 1676 118 1714 te
128 1682 215 1729 rogem,
230 1674 341 1713 monstres
352 1667 449 1729 aliquid,
461 1669 522 1732 quod
533 1669 569 1717 his
579 1672 674 1722 addam.
700 1679 766 1726 Nihil

94 1730 156 1779 enim
167 1745 227 1777 curae
237 1743 294 1775 mee
305 1730 359 1776 satis
366 1740 405 1778 est.
423 1732 513 1794 Cogito,
522 1736 632 1797 quamsit
643 1754 765 1804 magnum,

94 1794 148 1840 dare
163 1792 250 1854 aliquid
268 1791 292 1838 in
312 1807 394 1840 manus
412 1795 550 1845 hominum:
570 1813 612 1848 nec
630 1806 765 1864 persuadere

94 1857 152 1904 mihi
161 1870 264 1920 possum,
275 1870 321 1904 non
332 1868 355 1905 et
362 1874 415 1906 cum
422 1861 502 1908 multis
511 1871 533 1909 et
541 1878 601 1926 sepe
609 1870 763 1930 tractandum,

94 1921 156 1984 quod
163 1920 251 1984 placere
262 1930 284 1968 et
294 1937 383 1987 semper
393 1933 416 1972 et
426 1926 533 1974 omnibus
543 1928 629 1992 cupias.
649 1932 718 1982 Vale.

216 2117 226 2180 (
236 2117 283 2177 18.)
303 2123 330 2169 C.
339 2121 436 2167 Plinius
450 2123 550 2171 Caninio
560 2140 604 2172 ruo
615 2129 642 2176 S.

123 2245 243 2295 Deliberas
252 2263 353 2305 mecum,
365 2249 560 2313 quemadmodum
570 2257 679 2318 pecunia,
690 2275 761 2322 quam

91 2310 244 2374 municipibus
254 2312 336 2360 nostris
346 2313 371 2360 in
381 2314 477 2376 epulum
488 2308 600 2378 Obiulisii,
611 2330 664 2382 post
675 2331 761 2388 tequa-

90 2390 136 2438 que
152 2375 215 2423 salva
233 2375 270 2423 sit.
297 2376 402 2424 Honesta
419 2379 569 2437 consultatum
587 2396 635 2431 non
655 2388 761 2451 expedita

90 2439 208 2486 sententia.
225 2439 340 2488 Numeres
347 2442 477 2504 reipublicae
487 2451 623 2496 summam?
634 2452 760 2501 verendum

90 2512 124 2551 cat
134 2517 163 2551 ne
173 2503 294 2552 dilabatur.
311 2504 359 2554 Des
367 2507 451 2570 agros?
461 2514 488 2554 ut
498 2509 594 2570 publici,
606 2515 758 2578 negligenter.

89 2567 205 2631 Equidem
222 2569 280 2617 nihil
293 2571 433 2618 commodius
443 2571 543 2630 invenio,
554 2582 627 2637 quam
637 2580 702 2642 quod
711 2581 759 2644 ipse

83 2633 137 2685 feci.
161 2634 237 2699 Nam,
249 2650 292 2704 pro
303 2633 437 2701 quingenila
447 2635 555 2685 nullibus
567 2645 760 2704 mmmmm
