1718 3344
177 113 290 162 l’LINII
313 113 565 162 PANEGYRICUS.
587 115 624 160 ol.
689 117 736 162 :tue

65 245 132 292 mitis
142 244 257 303 severitus,
269 259 339 306 quom
350 258 397 290 nou
407 243 518 290 dissoluta
527 242 662 290 clementis!
681 243 737 290 Non

64 308 228 374 locupletando
243 307 298 356 fiseo
313 307 392 364 sedes;
418 321 460 355 neo
476 305 540 355 uliud
557 306 601 355 tibi
621 307 739 355 sententio

65 383 115 421 tum
130 372 240 436 pretium,
259 386 332 435 quam
347 373 407 419 bene
421 369 543 432 judieisse.
566 373 634 421 Stant
647 378 701 419 unte
715 379 739 420 te

63 436 200 500 litigatores,
212 432 739 494 nondefortunissumeddeutexiuima·

64 502 139 560 tione,
150 501 255 558 sollieiti;
272 514 314 547 nee
324 508 373 547 tum
383 509 500 560 verentur,
525 498 677 548 uiddeesusi
685 498 738 560 sui,

65 581 140 629 quum
150 564 207 638 quid
222 565 252 613 de
268 563 380 622 moribus,
397 563 488 612 sentius.
509 515 599 612 dtvere
615 562 739 626 Principis,

65 638 138 692 utque
153 638 221 677 etrum
239 628 348 688 eousulis,
362 627 506 676 renonciliure
521 628 617 676 emulos
628 626 738 689 eiviutes,

66 701 228 756 tumentesque
243 693 342 756 populos
358 707 404 740 non
419 691 517 766 imperio
530 692 606 755 magis
619 706 692 755 quum
702 707 739 767 re-

68 758 131 806 tione
150 772 307 820 mmpeseere3
330 755 467 805 intercedere
484 755 644 819 iniquitatibus
664 770 739 819 megr-

67 830 191 880 stretuum,
204 821 362 885 infectumque
379 820 481 879 reddere,
498 819 614 895 quidquid
627 819 677 869 ueri
691 834 738 868 non

66 886 208 949 oportuerit;
219 894 342 948 postremo,
349 884 488 934 velotissimi
493 884 572 933 sideris
580 899 652 944 more,
661 884 739 933 omnis

67 950 174 1011 invisere,
188 950 267 997 omnis
278 949 366 1010 audire,
377 957 408 1008 et,
419 948 582 1012 undecumque
596 948 738 1008 inruentum,

67 1015 155 1073 statim,
166 1014 230 1063 velut
240 1028 335 1071 numen,
352 1013 430 1062 edesse
440 1021 463 1060 et
473 1012 593 1060 assistere!
612 1012 681 1060 'lulio
691 1028 739 1061 esse

67 1078 211 1140 crediderim,
225 1094 278 1142 quer
292 1078 343 1141 ipse
358 1076 442 1125 muudi
451 1090 533 1140 pareus
548 1084 661 1139 temperet
670 1087 738 1134 nutu,

67 1145 87 1218 si
92 1143 191 1255 duffidp
201 1141 407 1191 oeulosdemisitiu
418 1148 495 1266 Ἥ,
504 1140 595 1252 gst'ug:
605 1141 739 1251 mfflium

67 1223 92 1255 m
117 1224 128 1255 r
160 1222 238 1255 muso
303 1221 424 1254 numeram
490 1220 505 1252 a
593 1221 600 1252 t
676 1219 739 1253 nuno

67 1280 133 1336 purte
143 1222 322 1320 curaruffier
333 1271 477 1333 solutusque,
489 1268 546 1317 uoelo
561 1220 653 1317 tuutdlm
665 1276 738 1330 voest,

54 1341 55 1344 ’
67 1345 192 1399 postquam
203 1349 226 1384 te
235 1335 307 1395 dedit,
325 1334 367 1398 qui
384 1350 438 1396 ergo
448 1347 516 1382 omne
530 1331 654 1380 homiuum
663 1347 738 1395 genus

67 1401 117 1448 viee
124 1400 166 1447 sui
172 1399 306 1464 fungereris.
323 1399 436 1461 Fungeris
447 1397 517 1455 enim,
529 1396 660 1460 sufficisque
670 1410 738 1444 muu-

67 1465 141 1521 muti,
161 1479 214 1513 eum
231 1464 274 1513 tibi
293 1463 343 1512 dies
363 1462 439 1510 omnis
456 1460 548 1511 summit
563 1475 617 1510 oum
638 1460 739 1511 utilitate

67 1527 154 1588 nostri,
165 1544 219 1577 cum
230 1528 272 1577 tub
281 1527 359 1586 laude,
370 1526 489 1574 eondeurr.

99 1591 174 1656 (81.)
199 1593 270 1652 Quod
289 1591 310 1639 si
329 1591 423 1654 quondo
437 1606 491 1639 cum
504 1589 654 1639 influentibus
668 1605 738 1653 uege-

68 1657 105 1705 tiis
122 1657 187 1720 puris
204 1656 286 1718 fecisti,
305 1656 376 1703 inetur
392 1655 519 1704 refectionis
534 1654 651 1703 existimes
660 1664 737 1703 mutu-

68 1722 155 1769 tionem
172 1722 263 1770 laboris.
292 1719 354 1780 Qun
370 1720 433 1768 euim
449 1719 552 1768 remissio
567 1720 618 1780 tibi,
635 1719 679 1768 uisi
689 1719 738 1768 lus·

68 1794 128 1833 trare
138 1786 217 1845 saltus,
235 1793 340 1834 excutere
355 1785 470 1833 cubilibus
485 1784 552 1845 feres,
568 1800 675 1847 superare
691 1785 736 1832 im·

67 1865 149 1897 mensu
154 1849 269 1898 montium
275 1852 341 1912 jugo,
350 1857 374 1896 et
382 1848 527 1897 horrentibus
534 1849 632 1912 seopulis
639 1847 738 1910 gradum

67 1914 160 1972 inferre,
171 1913 258 1963 nullius
267 1929 348 1972 manu,
361 1914 450 1961 nullius
460 1912 555 1974 vestigio
565 1911 687 1972 adjutum3
704 1919 737 1959 ab

67 1994 114 2041 que
124 1978 184 2025 inter
194 1977 243 2024 haec
251 1978 292 2052 pit
302 1986 380 2026 mente
389 1977 452 2024 edire
459 1977 530 2036 luens,
542 1984 565 2023 et
572 1990 738 2023 oooursarenu-

68 2042 189 2090 minibus?
217 2042 284 2090 Olim
300 2042 350 2090 huc
367 2039 506 2105 experientis
527 2039 664 2101 iuventutis,
688 2040 738 2088 hee

68 2107 174 2170 voluptas
189 2115 253 2154 erute
270 2105 307 2154 his
324 2105 412 2155 artibus
428 2103 501 2152 futuri
517 2104 586 2152 duces
601 2104 738 2151 imbueban-

18 2190 21 2197 ·
68 2179 121 2218 tur:
139 2179 224 2219 certare
234 2186 288 2219 eum
299 2170 419 2233 fugacibus
434 2169 488 2217 feris
502 2184 579 2228 cursu,
596 2183 650 2216 eum
667 2167 738 2216 audo-

67 2235 133 2283 cibus
143 2238 232 2295 robore,
248 2249 303 2284 cum
314 2235 401 2282 cullidis
411 2243 478 2283 estu:
495 2248 537 2282 nee
547 2233 660 2281 mediocre
675 2232 738 2296 pecie

68 2299 138 2348 decus
154 2299 281 2349 hebebatur
298 2301 405 2348 submotu
415 2298 502 2361 eampis
520 2296 616 2361 irruptio
627 2297 737 2355 ferarum,

69 2363 215 2412 etobsidione
222 2364 324 2428 quidum
331 2363 441 2411 liberatus
448 2362 572 2425 agrestium
577 2361 650 2409 labor.
661 2361 737 2408 Usur·

69 2431 156 2490 pabant
165 2428 262 2490 glorium
268 2429 337 2477 istem
346 2426 382 2474 illi
389 2440 482 2489 quoque
489 2425 615 2489 Principes,
625 2425 667 2487 qui
674 2423 738 2471 obire

69 2507 116 2539 non
129 2501 249 2556 poterunts
267 2492 410 2555 usurpabunt
424 2498 513 2550 sutem,
528 2498 555 2537 ut
568 2488 666 2536 domitos
680 2486 738 2536 frue-

70 2566 151 2620 tosque
161 2556 265 2605 mnis
275 2557 345 2616 ferus,
355 2569 383 2604 oo
392 2553 478 2603 deinde
489 2554 520 2602 'tu
532 2554 644 2616 'insutum
650 2550 755 2610 urim

65 2620 195 2672 ludibrium
217 2621 326 2688 emissus
344 2620 449 2682 metuitis
469 2617 603 2685 egsum
622 2610 777 2670 ww*
