1718 3344
219 521 332 571 anu
356 521 464 571 EPIST.
480 523 526 571 Vl.
541 525 581 572 33.
690 527 736 574 tut

65 651 543 704 nammihisatisesteertaremeeum.
568 652 737 718 Esthacpro

67 715 146 765 Arsit
155 715 258 774 variola
274 724 297 763 et
306 716 417 780 dignitate
430 731 541 779 prauum,
552 726 575 764 et
589 717 690 764 exem‘li
700 734 737 766 ra·

67 781 144 840 ritate,
155 790 179 828 et
186 779 267 840 judieii
277 780 444 843 magnitudine,
455 781 557 842 insignis.
574 781 639 828 Nam
652 734 739 830 iimina

65 844 187 908 eplmdide
199 852 263 903 nata,
276 854 350 908 nupta
363 845 468 908 pretorio
480 845 537 903 viro,
548 845 692 893 exhaeredata
706 848 736 894 ab

65 909 289 972 oengeuarinpatre
304 909 548 956 intraundeaimdies
563 909 736 972 quamillino·

65 987 159 1021 vanam
170 987 246 1020 amore
260 981 340 1036 capara
353 972 482 1032 induxerat,
495 973 639 1036 quadruplici
648 974 735 1034 judicio

65 1038 129 1085 bons
139 1046 233 1100 paterna
243 1039 365 1100 repetebat.
388 1037 502 1085 Sedebant
509 1038 598 1098 judiees
608 1047 701 1086 centum
711 1048 734 1086 et

64 1101 195 1164 octogirtar
213 1107 248 1148 tot
265 1101 327 1148 enim
345 1109 444 1165 quatuor
461 1101 560 1150 eumiliis
578 1103 733 1165 adiguntur:

64 1165 147 1228 ingens
164 1165 282 1228 utrimque
297 1165 422 1225 advooefio,
437 1174 460 1212 et
475 1166 597 1215 numerosa
610 1167 732 1215 subsellia:
804 1225 809 1230 ¹

62 1237 174 1292 praeterea
191 1229 262 1277 densa
282 1229 477 1277 circumstantium
495 1245 578 1278 eorona
595 1230 733 1279 latisdmum

58 1293 178 1354 judicium
186 1293 310 1357 multiplici
323 1294 408 1342 circulo
418 1293 528 1342 ambibat.
547 1294 651 1353 Adhuc,
663 1295 734 1358 stipa-

61 1364 118 1404 tum
135 1357 254 1413 tribunale
276 1366 346 1422 atque
364 1359 434 1406 etiam
451 1374 481 1406 ex
499 1359 614 1423 superiore
634 1360 733 1408 basilice

61 1429 139 1484 parte,
150 1421 198 1486 qui
211 1421 311 1481 femina,
326 1423 374 1486 quis
384 1422 435 1483 viri,
451 1432 474 1470 et
485 1423 602 1483 audiendi,
614 1425 676 1487 quod
686 1424 732 1472 dif-

61 1485 132 1547 fieile,
153 1496 184 1545 et,
203 1487 266 1550 quod
283 1487 358 1546 facile,
375 1486 462 1534 ruendi
477 1487 553 1535 studio
571 1489 732 1538 imminebant.

61 1550 156 1613 Magna
166 1551 302 1614 exspectatio
316 1561 418 1616 patrum,
430 1566 516 1614 magna
525 1550 634 1612 filiarum,
645 1568 730 1615 magna

60 1615 134 1662 etiam
144 1629 300 1663 novereamm.
316 1617 412 1664 Seeums
422 1623 456 1662 est
466 1615 541 1662 varius
549 1623 650 1665 eventus.
667 1617 731 1664 Nam

60 1678 154 1727 duobus
164 1679 262 1727 masiliis
269 1680 374 1739 sitimus,
385 1679 480 1727 totidem
491 1679 545 1727 victi
551 1694 638 1727 sumus.
657 1679 734 1728 Nota-

59 1743 115 1791 bilis
132 1759 223 1806 prorsus
238 1742 297 1808 [res]
309 1754 332 1792 et
341 1744 408 1798 mira,
426 1742 506 1790 eudem
522 1743 547 1789 in
558 1743 634 1800 eausa
649 1743 731 1792 iisdem

56 1807 185 1867 judicibus,
201 1808 282 1856 iisdem
299 1807 422 1866 mvoeads,
441 1807 520 1854 eodem
537 1814 648 1869 tempore,
667 1816 732 1855 tants

56 1869 193 1920 diversimr
207 1871 300 1933 [suddit
310 1888 372 1931 essu,
385 1871 447 1935 quod
457 1885 504 1918 non
517 1885 582 1918 nasus
590 1869 729 1935 videretursl

56 1935 120 1983 vieta
130 1945 164 1984 est
177 1951 281 1998 noverca,
292 1938 344 2000 ipsa
357 1937 428 1984 hares
444 1943 547 1998 exparte
559 1934 641 1991 sextiae
658 1935 731 1983 vietus

56 2001 196 2061 Suberinus,
204 2001 254 2065 qui,
263 2001 420 2050 exheredatus
428 2016 442 2047 a
452 2009 524 2062 patre,
534 1998 643 2062 singulari
651 1999 730 2063 impu-

55 2063 138 2113 dentii
153 2066 221 2112 alieni
235 2067 306 2129 patris
320 2067 381 2114 bona
391 2064 529 2124 vindiesbat,
546 2078 592 2111 non
608 2080 678 2112 ausus
692 2065 729 2113 sui

54 2137 143 2205 petere.
167 2130 226 2178 Hac
240 2130 283 2178 tibi
297 2130 401 2193 exposui,
416 2129 528 2194 primum,
544 2138 571 2176 ut
582 2144 615 2203 ,ex
631 2128 728 2192 epistoli

54 2208 245 2322 &iffi
256 2202 420 2306 tituil
429 2203 537 2306 itu
547 2193 643 2320 iffi
653 2194 728 2305 iii

53 2325 134 2386 legere
143 2322 194 2383 tibi,
205 2323 246 2370 sed
255 2323 362 2370 interesse
372 2322 461 2383 judieio
471 2321 594 2377 vidererisr
607 2337 687 2384 quam,
699 2322 728 2368 sit

54 2386 112 2439 licet
126 2402 220 2450 magna,
231 2402 278 2434 non
289 2387 383 2450 despero
392 2386 490 2450 gratiam
504 2386 644 2432 brevissima
653 2385 727 2448 impe·

54 2459 177 2499 mauram.
197 2451 261 2498 Nam
272 2459 295 2499 et
306 2451 467 2515 sepiternum,
479 2461 502 2496 et
513 2449 596 2512 argutis
606 2449 725 2509 divisione,

53 2522 79 2563 et
97 2515 274 2564 narratiunculis
292 2516 406 2578 pluribus,
426 2522 449 2562 et
469 2513 590 2576 eloquendi
608 2515 725 2570 varietate,

52 2589 185 2628 renovatur.
202 2582 262 2629 Sunt
268 2580 343 2626 multa
352 2581 409 2643 (non
417 2577 526 2625 auderem
534 2577 579 2626 nisi
587 2577 629 2625 tibi
639 2576 724 2638 didere)

53 2644 125 2703 elata,
141 2646 216 2692 multa
231 2643 367 2708 pugnantia,
384 2643 459 2691 multa
475 2642 574 2689 subtilia
599 2642 727 2690 Intervenit

53 2708 119 2756 euim
133 2710 223 2758 aeribus
233 2709 279 2755 illis
290 2717 313 2755 et
323 2708 401 2755 erectis
413 2707 520 2770 frequens
531 2707 651 2754 necessitas
662 2722 725 2754 eom·

52 2773 163 2836 putandi‚
185 2789 211 2821 ae
230 2787 295 2837 pane
316 2772 414 2819 calculos
437 2771 588 2834 tabulamque
609 2771 724 2833 poscendi,

52 2844 82 2884 ut
99 2846 193 2901 repente
209 2837 233 2884 in
250 2836 333 2901 privati
349 2835 430 2896 iudicii
447 2835 546 2882 sunnam
561 2834 725 2882 centumvirale

52 2910 164 2949 vertatur.
186 2902 300 2950 Dedimus
311 2900 362 2948 vela
375 2899 535 2962 indignationi,
553 2899 658 2946 dedimus
675 2899 723 2953 irae,

50 2965 162 3014 dedimus
167 2966 252 3015 dolori:
262 2965 323 3025 euin
332 2963 558 3027 amplissimimis,
566 2963 631 3026 quasi
639 2976 723 3024 magno

50 3030 121 3087 mari,
130 3030 236 3094 pluribus
243 3029 317 3079 ventis
327 3043 407 3076 sumus
415 3026 480 3076 veet'a
499 3027 529 3074 ln
540 3026 640 3084 summi,
652 3025 724 3073 solent
