1718 3344
87 128 136 177 alo
201 122 315 175 PnINn
339 121 597 173 PANEGYRICUS.
616 123 657 171 18.

88 255 151 304 mine
162 255 237 312 oolmc
254 269 302 302 non
316 253 361 301 olio
370 251 445 315 magis
458 260 537 300 omer
548 249 632 300 Deum
643 260 668 300 et
678 250 759 301 sesa

89 322 181 383 probas,
193 334 264 383 quam
275 318 337 383 quod
347 318 396 381 ipse
406 315 458 365 talis
468 331 500 364 es
527 315 559 363 In
571 316 684 381 Principe
694 314 758 373 enim,

89 384 139 449 qui,
157 384 228 432 electo
238 398 371 439 successore,
386 380 435 429 lato
448 380 627 439 concessisum
638 380 760 445 adunque

90 448 215 496 oefflnma
222 446 346 496 divinitatis
354 445 411 494 fides
419 454 462 505 est,
469 446 545 493 bonus
553 460 683 494 successor.
700 446 761 495 Num

90 528 145 575 crgo
155 512 198 560 tibi
209 527 238 559 ex
251 510 423 559 immortalitate
437 508 508 573 patris
521 508 614 573 aliquid
630 508 762 575 arrogantie

90 576 201 624 messit?
212 591 270 623 num
280 575 323 623 hos
333 575 450 638 proximos
460 573 580 621 divinitate
590 576 719 637 parentum
728 574 762 621 de·

90 639 149 688 sides
163 656 190 688 sc
204 656 232 687 su
249 642 313 687 erbos
323 639 408 703 potius,
423 653 494 701 quam
508 638 560 685 illos
571 642 665 695 veteres,
676 647 701 687 et
710 636 763 686 anti·

91 719 158 767 quos,
170 656 303 752 aemubris?
320 703 361 767 qui
370 703 414 751 hoc
423 703 500 766 ipsum
510 702 640 765 imperium
650 706 763 768 pepmtre,

91 768 154 830 quod
164 767 233 815 modo
243 768 320 816 hostes
333 768 463 816 inruerant
473 775 709 831 oontemserantque;
728 782 764 816 ω.

89 832 129 907 J'us
139 831 201 895 pulsi
211 830 331 895 fugatique
342 846 388 878 non
402 831 466 879 eliud
476 832 553 892 majus
563 830 699 880 habebatur
708 831 764 880 indi.

91 910 162 951 crum,
174 910 245 958 quam
255 895 275 944 si
285 896 472 960 triumpharetur.
488 895 552 959 Ergo
563 896 711 944 sustulerant
720 896 765 945 nni-

91 974 150 1015 mos,
165 968 189 1007 et
201 960 287 1022 jugum
301 967 460 1009 excusserant:
478 974 520 1007 nec
533 960 586 1021 jam
602 961 727 1009 nobiscnm
738 960 764 1008 dc

91 1023 134 1085 sud
144 1022 256 1083 bbatate,
271 1024 311 1072 sed
325 1024 354 1073 de
364 1024 442 1073 nostri
456 1024 573 1082 servitute,
588 1026 724 1074 certabant:
739 1038 764 1073 sc

91 1101 121 1134 ne
137 1087 241 1136 inducias
258 1089 361 1153 quidem,
379 1088 424 1137 nisi
440 1088 512 1153 equis
530 1088 714 1151 conditionibus,
730 1088 763 1137 in·

90 1151 173 1209 ibant;
190 1152 298 1219 legesque
308 1164 335 1202 ut
345 1153 480 1217 acciperent,
491 1152 586 1200 dabm

125 1215 196 1281 (12.)
213 1222 250 1266 At
260 1233 321 1267 nunc
331 1218 398 1266 rediit
408 1217 516 1265 omnibus
526 1226 600 1264 terror
610 1225 634 1265 et
645 1228 732 1279 metus,
742 1225 763 1267 et

91 1276 172 1330 uotum
187 1282 299 1346 imperata
313 1281 419 1331 faciendi.
440 1281 528 1330 Vident
546 1281 611 1329 enim
628 1282 764 1331 Romanum

91 1346 183 1407 ducem,
202 1362 277 1395 unum
295 1363 324 1396 ex
340 1346 386 1395 illis
399 1346 513 1395 veteribus
532 1353 555 1392 et
570 1346 663 1409 priscis,
682 1348 765 1411 quibus

92 1411 265 1475 imperatorium
291 1426 376 1460 nomen
402 1410 517 1458 addebant
541 1410 639 1458 contecti
665 1413 763 1460 caedibns

93 1476 178 1539 campi,
189 1485 213 1523 et
222 1476 306 1524 infecta
315 1475 414 1524 victoriis
423 1476 504 1523 maria.
525 1475 666 1538 Accipimus
677 1476 763 1524 obsides

92 1555 155 1602 ergo,
171 1555 217 1588 non
232 1542 347 1589 emimuss
365 1555 407 1588 nec
421 1540 552 1603 ingentibus
562 1539 656 1588 danmis
667 1540 764 1588 immen-

35 1608 41 1622 ‘'
91 1603 167 1667 sisque
177 1605 311 1653 muneribus
321 1604 465 1668 paciscimur,
477 1613 503 1652 ut
511 1604 640 1651 vicerimus.
661 1605 763 1668 Rogant,

92 1667 237 1730 supplicant3
254 1670 375 1732 largimur,
394 1683 514 1732 negamus,
531 1677 658 1733 utrumque
675 1685 705 1717 ex
720 1670 763 1716 im·

91 1731 149 1793 perii
163 1732 295 1791 majestate:
313 1742 386 1796 agunt
401 1733 493 1797 gratias,
509 1733 550 1796 qui
565 1733 762 1795 impetraverunt:

91 1809 138 1841 non
148 1793 234 1842 audent
244 1797 317 1859 queri,
329 1797 414 1861 quibus
424 1806 532 1860 negatum
544 1807 584 1844 est.
602 1798 644 1843 An
655 1797 763 1857 audeant,

92 1858 133 1922 qui
150 1859 230 1914 sciam,
245 1869 268 1908 te
282 1861 390 1910 assedisse
404 1861 547 1910 ferocissimis
563 1861 656 1924 populis
671 1876 699 1910 eo
714 1863 763 1925 ipso

93 1935 201 1988 tempore,
218 1925 280 1988 quod
294 1927 458 1974 amicissimum
472 1925 526 1983 illis,
541 1925 708 1973 difficillimum
722 1940 764 1973 no-

91 1989 135 2048 bis,
156 2005 210 2038 cum
229 1989 352 2039 Danubius
368 1991 428 2055 ripas
443 1990 498 2054 gelu
514 1989 600 2052 jungit,
621 1989 763 2054 duratusque

92 2055 164 2116 glacie
181 2054 282 2118 ingentia
299 2064 362 2119 tergo
379 2055 441 2103 bella
458 2062 610 2117 transportem
634 2069 691 2102 cum
710 2055 764 2102 t'era

91 2127 170 2179 gentes
185 2134 232 2167 non
250 2120 301 2167 telis
315 2120 397 2183 magis,
409 2135 480 2183 quam
495 2133 537 2166 suo
551 2118 615 2176 calo,
628 2134 671 2166 suo
681 2118 763 2179 sidere,

92 2185 230 2231 armantur?
254 2184 307 2244 Sed,
323 2185 364 2232 ubi
374 2184 399 2231 in
409 2184 515 2247 proximo
526 2192 561 2243 tu,
573 2198 620 2230 non
630 2198 696 2230 secus
706 2199 733 2231 ac
743 2183 763 2231 si

91 2254 188 2308 mutate
198 2255 328 2310 temporum
339 2248 399 2296 vices
409 2257 491 2308 essent,
502 2248 538 2294 illi
552 2246 647 2311 quidem
659 2246 763 2296 latibulis

92 2309 139 2356 suis
157 2309 229 2357 clausi
249 2314 400 2369 tenebantur;
418 2321 494 2360 nostra
516 2312 609 2375 agmina
630 2326 763 2374 percursare
793 2334 799 2345 ·

91 2373 161 2436 ripas,
172 2383 195 2421 et
205 2374 280 2422 aliens
289 2377 414 2438 occasione,
429 2377 449 2424 si
462 2377 613 2440 persisteres,
628 2376 673 2434 uti,
689 2377 764 2424 ultro-

91 2453 136 2502 que
146 2438 246 2486 hiemem
257 2455 323 2487 suam
333 2442 436 2490 barbaris
446 2441 537 2500 inferre,
547 2439 686 2503 gaudebant.

125 2501 197 2566 (13.)
220 2504 279 2552 Hac
300 2504 342 2552 tibi
363 2506 426 2569 apud
447 2505 523 2554 hostes
544 2504 667 2553 veneratio.
695 2503 763 2565 Quid

89 2568 153 2634 apud
163 2568 266 2618 milites?
284 2585 356 2633 quam
366 2570 549 2627 admirationem,
560 2569 760 2633 quemadmodum

86 2636 248 2705 comperisti?
275 2651 331 2686 curn
356 2644 437 2683 tecum
451 2633 569 2688 inedias,
584 2641 664 2677 tecum
677 2633 782 2703 imt-
