1718 3344
227 226 276 273 36⁰
342 218 454 267 PLINII
477 215 738 265 PANEGYRICUS.
759 218 801 273 77.

228 352 348 415 gaudium,
363 348 426 413 quod
440 358 495 394 tunc
510 345 583 393 onrlis
593 345 730 408 protulisti?
751 347 833 394 Ames

228 416 299 473 diem,
311 424 417 462 ettamen
427 412 517 459 vincas:
535 424 594 457 nova
604 409 721 466 merearis,
734 425 800 458 nova
811 427 849 461 au

230 480 310 527 eudem
321 478 383 526 eninr
394 476 448 532 diei,
459 475 503 522 nisi
513 477 543 521 ob
554 472 634 521 eadem
641 472 712 530 facta,
724 488 776 520 non
788 492 850 538 poss

262 542 331 603 (76.)
358 542 416 589 Jem
435 554 507 603 quam
527 538 660 601 antiquum,
682 553 757 601 quam
778 554 833 587 con
858 579 859 585 ,

230 607 293 671 ‹lcod
303 607 407 655 triduum
417 612 492 651 totum
503 610 593 650 senatus
609 602 652 648 sub
665 603 779 665 exemplo
794 604 832 651 tui
847 640 850 645 .

230 687 284 720 curn
293 672 380 718 interea
390 669 448 715 nihil
463 676 544 730 preter
558 666 675 713 oonsrrlern
688 681 770 728 ageres
780 668 786 714 !
808 669 839 715 ln
855 691 859 707 ι

231 736 294 798 gavit
312 734 418 797 quisque,
436 731 499 795 quod
515 730 616 793 placuit:
634 729 764 789 dimendre,
802 732 848 773 ’.Ἤ

232 809 255 848 et
265 799 355 862 copiam
363 795 444 857 judieii
455 795 491 842 sui
501 794 634 857 reipublice
649 792 734 852 fecere,
752 803 837 844 tutum

231 862 329 910 mnsulti
338 874 426 917 omncs,
446 868 516 922 anpue
526 858 596 906 etiam
605 857 747 906 dinumerati
758 874 857 908 sumus:

231 927 307 987 sitque
322 923 433 971 sententia
443 937 490 969 non
500 923 584 985 prima,
595 921 635 968 sed
645 922 735 969 melior.
752 923 792 970 At
802 926 856 989 quis

232 986 352 1051 boniloqui,
363 985 415 1061 quis
425 986 512 1034 hiscere
522 986 630 1043 audebat,
640 994 725 1048 preter
735 988 838 1037 miseros

232 1053 273 1116 qui
288 1051 357 1115 primi
371 1052 587 1113 mter-rogabuntur?
611 1050 696 1097 Ceteri
712 1051 821 1113 quidem,
844 1074 848 1093 ·

233 1130 256 1165 ct
266 1116 364 1173 attoniti,
381 1114 455 1177 ipsam
466 1115 531 1162 illam
548 1122 638 1161 mutam
654 1129 681 1161 ac
698 1115 857 1163 sedentariam

231 1180 342 1228 sentiendi
353 1180 516 1237 necessitatem,
535 1193 645 1243 quocum
660 1178 740 1227 dolore
757 1180 844 1239 animi,

232 1261 286 1293 cum
297 1245 367 1292 totius
376 1243 476 1307 corporis
490 1244 591 1301 horrore,
608 1243 813 1305 perpetiebantur!

232 1310 340 1373 solusque
350 1310 463 1367 censebat,
478 1307 542 1381 quod
552 1316 700 1369 sequerentur
709 1322 803 1367 omnes,
818 1320 842 1357 et

233 1390 273 1423 nea
294 1375 458 1437 improbarent,
486 1387 511 1419 m
532 1370 613 1435 primis
633 1371 690 1433 ipse,
713 1372 756 1434 qui
777 1388 859 1421 censu

233 1440 302 1487 Adeo
320 1439 385 1486 nulla
402 1437 477 1499 magis
494 1436 602 1483 omnibus
618 1434 746 1498 displicent,
767 1452 842 1499 quarn

234 1504 266 1551 sic
276 1504 344 1560 liunt,
355 1500 589 1562 tamquamomnibus
599 1499 711 1562 placeant.
738 1500 847 1550 Fortasse

234 1577 324 1631 perator
340 1567 365 1613 in
383 1574 464 1613 senatu
480 1564 510 1611 ad
525 1564 674 1611 reverentiam
691 1564 741 1624 ejus
751 1581 859 1629 conopon

234 1642 285 1679 tur:
303 1641 419 1688 ceterum,
430 1644 540 1691 egressus,
551 1628 629 1675 stetim
638 1643 661 1674 se
670 1628 793 1691 recipiebat
803 1631 829 1677 in
848 1637 853 1653 ¹

232 1697 322 1759 eipem3
341 1694 464 1756 omniaque
481 1692 608 1740 consularia
621 1690 695 1739 officia
713 1693 815 1756 abigere,
834 1710 859 1741 n:

233 1776 295 1822 gere,
307 1768 451 1806 contemnere
460 1758 552 1805 solebat.
581 1755 625 1803 Ille
638 1772 699 1816 vero,
710 1757 744 1804 ita
754 1759 836 1805 consul

232 1832 323 1870 tantum
334 1821 414 1868 consul
423 1821 490 1878 foret,
502 1821 560 1867 nihil
566 1820 627 1867 infra
637 1823 773 1883 sepeliebat,
783 1823 828 1870 nisi
847 1846 852 1865 t

232 1887 293 1935 infra
300 1885 418 1932 consrssem
425 1894 490 1932 essen
505 1885 552 1943 Ac,
563 1884 674 1947 primum,
685 1885 718 1933 ita
728 1885 800 1934 domo
810 1903 859 1949 pro

232 1951 345 2008 «bebatur,
356 1949 461 1996 utillum
472 1949 550 1996 nullus
560 1958 683 2012 apparatus
693 1951 832 2012 arrogantiae
849 1975 853 1993 .

233 2016 319 2080 cipalis,
328 2015 405 2062 nullus
411 2029 576 2077 praecursorum
585 2013 707 2071 tumultus,
715 2013 835 2063 detineret.

234 2090 282 2129 erat
300 2081 323 2128 in
341 2079 421 2127 limine
441 2095 514 2137 mora,
534 2078 661 2125 consultare
676 2092 738 2135 aves,
761 2094 810 2127 rev
831 2100 841 2119 a

234 2146 356 2192 numinum
375 2144 482 2192 monitus.
522 2143 599 2189 Nemo
622 2143 809 2204 proturbabanrr‚
835 2158 859 2191 n:

232 2210 424 2256 submovebatur:
442 2217 505 2256 tenta
516 2206 639 2254 viatoribus
650 2206 724 2268 quies,
740 2216 819 2255 tantus
829 2224 846 2271 p

233 2271 340 2324 fascibus,
357 2281 384 2317 ut
404 2272 540 2335 plerumque
559 2269 633 2317 aliene
652 2272 721 2317 turba
742 2271 817 2319 subsis
832 2294 859 2312 a:

232 2334 349 2381 eonsrtlern
365 2344 388 2380 et
399 2335 529 2399 Principem
542 2342 637 2397 cogeret·
667 2335 746 2397 Ipsius
757 2336 854 2400 quidem

233 2398 312 2446 licium
327 2406 375 2443 tarn
386 2399 512 2457 modicum,
526 2408 575 2447 tam
585 2407 745 2461 temperatum.
757 2409 784 2447 ut
794 2400 852 2448 anti·

233 2462 317 2526 aliquis
328 2475 471 2525 magnusque
486 2464 566 2511 consul
580 2464 623 2511 sub
639 2464 700 2510 bono
716 2464 826 2528 Principe
857 2488 859 2506 ι

234 2527 287 2575 dere
298 2525 417 2574 videretur.

265 2592 336 2649 (77.)
351 2590 398 2637 Iber
408 2589 442 2637 illi
454 2590 536 2653 saepius
547 2593 571 2640 in
582 2592 667 2652 forum,
679 2592 812 2657 frequenter
837 2616 839 2633 ι
853 2617 855 2635 ι

232 2664 255 2703 et
265 2655 290 2703 in
302 2656 425 2720 Campum.
443 2654 507 2702 Nam
518 2657 610 2705 comitia
617 2656 739 2705 consulum
748 2658 830 2706 obibat
839 2674 858 2705 ιι

226 2734 249 2777 et
265 2734 359 2776 tantum
375 2740 405 2775 cx
415 2720 589 2774 renuntiatione
600 2720 857 2778 eorumeoluptsbs„
