1718 3344
103 336 112 351 Ι

93 470 96 475 ’
135 488 495 540 numennumen
601 489 648 544 157

98 684 168 744 (23.)
188 686 216 732 C·
228 685 325 732 Plinius
340 685 436 730 triario
447 697 489 730 suo
500 684 532 730 S..

57 813 198 877 perceperis,
214 822 241 861 ut
256 828 325 876 agam
341 827 434 861 causum
448 811 601 875 pertinentem
617 812 647 859 sd

57 877 287 940 ‚usum‚pulchram
303 877 406 940 alioquin
421 886 444 925 et
460 876 589 924 famosam:
614 876 649 923 fa-

65 942 106 989 sed
121 956 168 989 uon
184 940 261 1004 gratis.
278 941 328 1000 Qui
344 941 489 1005 fieripctest,
508 941 543 1004 (in
560 938 647 1000 uis)ut

57 1007 167 1055 rstistu?
185 1005 271 1054 Potest.
287 1005 496 1068 Exigemenimm
562 1004 647 1052 emho-

57 1085 102 1118 rem
112 1070 212 1134 gratuito
222 1070 352 1133 patrocimo.
369 1070 436 1127 Peto,
446 1077 516 1132 atque
526 1068 595 1116 etiam

69 1143 97 1182 ut
106 1135 177 1182 simul
187 1143 242 1197 agat
251 1134 384 1182 Cremutius
399 1134 473 1181 Rusu
494 1133 593 1181 Solitum
621 1149 648 1181 oc

58 1207 82 1246 et
90 1199 140 1259 ism
150 1198 175 1244 in
183 1198 288 1261 pluribus
298 1199 364 1246 claris
373 1196 553 1245 adolescentibus
559 1197 648 1246 tactim

58 1261 121 1310 Nem
128 1262 187 1310 mire
197 1263 330 1325 concupisco
342 1265 417 1310 bonos
421 1263 517 1323 juvenes
530 1261 648 1310 ostendere

58 1325 164 1389 nigrare
173 1325 249 1374 lame.
271 1326 341 1386 Quod
352 1325 547 1389 simi-prestare
557 1325 648 1374 Rusoni

58 1391 121 1449 ebeo,
130 1391 168 1439 vel
175 1401 268 1454 propter
278 1391 365 1439 nstales
374 1390 499 1454 ipsius,vel
506 1398 598 1454 propter
608 1407 649 1439 ex·

58 1534 190 1646 Jnffl'me,
201 1535 286 1647 obliugnn,
295 1527 648 1647 anteqpuaniddiuda’tcsoi'rdslg'eiriri

58 1655 75 1707 t,
85 1648 170 1710 gratias
180 1663 241 1711 ages.
259 1647 374 1711 Spondeo,
382 1645 531 1713 sollicitudini
537 1654 591 1704 tuse,
600 1648 649 1709 spei

65 1711 219 1774 magnitudini
235 1728 317 1770 cause,
332 1711 490 1759 suffecturum
512 1711 557 1757 Est
567 1710 650 1758 indolis

58 1791 85 1835 e,
95 1775 159 1823 brevi
167 1776 319 1838 producturus
329 1775 393 1834 alios,
402 1773 520 1822 siinterim
531 1783 649 1836 provectus

61 1855 77 1888 a
83 1840 156 1888 nobis.
171 1840 255 1904 Neque
262 1841 323 1888 enim
331 1839 441 1903 cuiquam
449 1845 497 1885 tam
508 1838 596 1884 clarum
604 1846 649 1884 sta·

58 1903 163 1967 genium,
179 1913 206 1952 ut
217 1905 292 1978 possit
305 1918 428 1966 emergere,
445 1901 490 1950 nisi
499 1901 535 1948 illi
545 1901 648 1955 metuis,

58 1983 77 2028 s,
97 1967 173 2017 fautor
193 1977 263 2016 enam
284 1967 508 2029 commendatorque,
526 1965 650 2029 contingat.

90 2236 93 2241 “
112 2227 180 2290 (st.)
195 2232 228 2277 c,
241 2230 338 2276 Plinius
349 2231 437 2277 Macro
447 2243 489 2276 suo
500 2231 526 2276 S.

58 2372 95 2406 rm
105 2359 208 2406 multum
217 2358 317 2411 interest,
329 2357 387 2420 quid
396 2373 411 2404 a
421 2368 468 2420 quo
478 2355 532 2403 fiat!
558 2354 648 2402 Eadem

59 2422 128 2479 sacta,
142 2422 244 2470 claritate
257 2422 295 2470 vel
307 2421 445 2468 obscuritate
456 2419 597 2477 scelestium,
608 2427 650 2466 aut

58 2494 95 2534 tur
105 2486 222 2540 aldssime,
233 2495 273 2532 aut
279 2485 410 2533 humillime
417 2484 586 2548 deprimuntur,
598 2482 650 2530 Na-

58 2565 89 2598 un
103 2567 144 2614 per
161 2550 259 2598 larium
275 2558 389 2607 nostrum,
406 2564 460 2598 cum
475 2547 549 2596 senior
562 2547 649 2595 unicus

59 2615 81 2662 it
90 2615 149 2663 mihi
159 2615 248 2673 villam,
264 2624 334 2677 utque
344 2615 415 2662 edam
430 2612 571 2672 cubiculum,
586 2611 648 2675 quod

59 2694 94 2727 tm
103 2680 225 2743 prominet.
242 2681 260 2708 “
269 2679 309 2726 Ex
319 2677 388 2738 hoc,’‘
399 2677 484 2742 inquit,
496 2680 513 2707 “
525 2675 649 2739 aliquando

59 2758 102 2807 eps
112 2752 189 2792 nostra
197 2759 251 2791 cum
260 2742 344 2791 marite
353 2757 379 2790 se
387 2741 561 2806 precipitavit.”
586 2740 649 2788 Gau·

59 2807 157 2870 aquisivi.
179 2807 290 2866 Maritus,
302 2823 332 2854 ex
339 2807 428 2855 diutino
439 2807 528 2865 morbo,
540 2805 599 2853 eirca
609 2819 648 2851 ve·

62 2872 162 2936 corporis
172 2873 287 2920 ulceribus
293 2873 449 2935 putrescebat:
466 2886 534 2929 uxor,
541 2878 569 2917 ut
578 2869 649 2931 inspi-

60 2937 152 3000 exegit:
169 2951 244 3000 neque
257 2936 320 2984 enim
333 2949 474 2999 quemquam
488 2934 578 2982 fidelius
589 2932 649 2980 indi-

59 3009 209 3064 m,possetne
219 3001 300 3049 sanari.
318 3000 392 3060 Vidit,
401 2998 541 3062 desperavit:
560 2997 648 3044 hortata

532 3075 549 3109 r
