1718 3344
203 423 316 474 PLINII
333 426 587 487 Pannonicus.
603 427 641 474 59.
703 423 755 470 ³45

88 551 754 615 insmamtermmulcumtutertiumeonsulatum

88 619 215 666 recusabas.
238 619 376 668 Onerosum'
387 621 462 668 nescio
478 619 536 683 quid
552 616 693 674 verecundiae
708 623 755 662 mre

88 695 211 731 consensus
221 692 298 731 noster
304 684 426 744 indixerat,
439 693 466 732 ut
478 684 587 746 Princeps
598 681 664 729 toties
673 679 754 727 consul

89 762 157 805 esses,
175 747 263 810 quoties
278 757 368 796 senator
382 757 451 796 tuus:
468 748 542 796 nimii
557 744 669 794 modestia
682 742 753 802 istud,

90 809 160 857 etiam
170 811 281 874 privatus,
287 813 421 860 recusdsses.
437 813 479 860 An
487 811 611 861 consularis
621 809 664 857 riri
672 807 756 854 trium-

88 873 509 938 phalisquefllius,'cumtertiooonsul
517 883 613 934 creatur,
622 871 755 920 adscendit?

88 952 137 985 non
147 937 251 987 debitum
261 939 305 987 hoc
315 940 370 990 illi?
386 955 433 988 non
443 942 480 989 vel
491 941 540 988 soli
554 937 643 1002 generis
653 937 755 984 claritate

89 1003 240 1067 promeritum
250 1007 261 1051 'r
278 1004 380 1067 Contigit
394 1021 447 1068 ergo
457 1004 551 1068 privatis
561 1002 648 1066 aperire
658 1015 755 1058 annum,

89 1066 205 1130 fastosque
215 1083 328 1116 reserare:
346 1077 369 1116 et
382 1070 425 1117 hoc
440 1084 532 1132 quoque
541 1067 636 1116 reddita
645 1065 757 1114 libertatis

86 1130 202 1200 ⁴indicium
212 1131 266 1192 fuit,
272 1131 335 1195 quod
343 1133 424 1180 consul
434 1134 501 1192 alius,
513 1147 584 1197 quam
593 1131 679 1189 Casar,
690 1137 755 1177 esset.

90 1195 136 1248 Sic.
149 1196 233 1244 exactis
240 1197 340 1258 regibus,
352 1197 486 1260 coepitliber
495 1211 585 1244 annm:
604 1195 635 1244 sic
645 1195 702 1243 olim
710 1208 757 1242 ser·

90 1259 152 1306 vitus
162 1260 237 1322 pulsa,
251 1261 340 1322 privata
353 1261 418 1308 fastis
431 1262 526 1309 nomina
535 1260 634 1308 induxit
657 1258 757 1314 Miseros

90 1323 231 1384 ambitionis,
242 1324 283 1387 qui
293 1325 325 1372 ita
332 1325 436 1373 consules
446 1341 544 1388 semper,
553 1333 580 1372 ut
590 1339 679 1387 semper
686 1321 756 1370 Prin·

91 1387 153 1450 cipes
169 1389 248 1436 erant!
266 1404 408 1452 quamquam
424 1404 470 1436 non
486 1389 581 1437 ambitio
596 1388 670 1450 magis
685 1401 757 1450 quam

90 1451 149 1499 livor
158 1459 181 1499 et
190 1453 321 1515 malignitas
331 1453 402 1500 videri
415 1461 497 1516 potest,
508 1467 587 1500 omnes
603 1467 675 1499 annos
684 1446 757 1514 possi·

90 1515 154 1574 dere,
173 1532 337 1580 summumque
353 1516 412 1563 illud
433 1532 542 1580 purpurae
558 1516 627 1564 decus
644 1529 691 1562 non
712 1514 758 1563 nisi

89 1589 242 1644 pracerptum
252 1581 451 1644 praefloratumque
459 1579 617 1628 transmittere.
635 1580 713 1626 Tuam
720 1594 759 1626 ve·

91 1659 118 1690 ro
128 1645 349 1706 magnanimitatem,
360 1660 391 1692 an
398 1644 544 1702 modestiam,
553 1659 582 1691 an
593 1643 758 1705 benignitatem

91 1707 249 1771 prinsmirer?
265 1709 447 1772 Magnanimitas
453 1708 506 1766 fuit,
513 1708 612 1770 expetito
621 1721 709 1770 semper
714 1706 758 1753 ho·

91 1787 149 1883 ἓξὲξ
156 1774 291 1884 fillium
313 1773 433 1834 modestia,
452 1772 546 1828 eedere;
563 1771 701 1834 benignitas,
717 1786 759 1833 per

125 1903 195 1962 (59.)
211 1902 257 1951 Sed
262 1903 312 1963 jam
323 1911 415 1966 tempus
425 1909 467 1961 est,
478 1910 501 1949 te
510 1901 554 1965 ipsi
562 1898 691 1948 consulatui
700 1914 758 1962 prar-

94 1973 163 2023 stare,
174 1975 202 2014 ut
214 1969 326 2028 majorem
336 1983 391 2014 eum
399 1965 550 2029 suscipiendo,
562 1965 706 2028 gerendoque
717 1977 759 2010 au·
792 2009 794 2012 ,

93 2029 227 2092 gustiorem,
239 2031 315 2078 facias.
333 2032 396 2079 Nam
404 2031 488 2094 saepius
502 2045 613 2088 recusare,
624 2029 759 2090 ambiguam

88 2109 121 2150 ,ac
137 2095 213 2157 potius
231 2096 295 2143 illam
314 2094 523 2159 interpretationem
536 2095 615 2153 habet,
637 2103 758 2155 tamquam

91 2158 204 2206 minorem
214 2169 288 2223 putes.
305 2160 344 2207 'l'u
356 2159 450 2224 quidem
458 2169 485 2206 ut
493 2159 622 2206 maximum
630 2155 738 2204 recusasti
748 2171 756 2211 ς

93 2222 134 2270 aed
144 2221 188 2270 hoc
197 2224 333 2286 persuadere
343 2225 430 2272 nemini
440 2223 532 2287 poteris,
549 2223 593 2269 nisi
603 2219 727 2283 aliquando
737 2226 760 2266 et

93 2301 141 2334 non
152 2289 294 2336 recusaveris.
311 2290 373 2336 Cum
388 2304 461 2346 arcus,
477 2303 531 2336 cum
542 2295 635 2348 tropaea,
649 2299 703 2331 cum
714 2290 760 2330 sta·

94 2360 147 2398 tuas
166 2351 306 2415 deprecaris3
323 2352 445 2400 tribuenda
461 2360 495 2399 est
509 2349 649 2398 verecundia
659 2358 706 2394 tuae
722 2362 762 2394 ve·

94 2414 151 2474 nia;
168 2415 209 2464 illa
218 2417 280 2464 enim
291 2431 344 2464 sane
355 2417 396 2465 tibi
407 2417 525 2464 dicautur:
543 2428 605 2460 nunc
619 2427 672 2461 vero
682 2419 761 2474 postu-

94 2479 180 2540 lamus,
190 2480 311 2528 utfuturos
319 2480 436 2544 Principes
443 2482 523 2528 doceas
530 2477 617 2525 inertiae
623 2475 761 2532 renuntiare,

95 2543 211 2608 paulisper
220 2545 311 2592 delicias
321 2544 419 2603 differre,
425 2544 540 2608 paulisper
550 2551 573 2590 et
583 2542 663 2589 saltem
674 2540 704 2588 ad
711 2542 763 2587 bre·

91 2607 216 2664 ‚vissimum
227 2618 326 2672 tempus,
335 2624 364 2656 ex
374 2609 415 2656 illo
422 2608 536 2656 felicitatis
542 2621 622 2654 somno
628 2606 691 2653 velut
700 2603 762 2652 exci-

96 2679 164 2732 tatos,
175 2673 269 2720 induere
278 2681 422 2737 protentam,
440 2687 511 2735 quam
525 2686 579 2718 cum
594 2670 648 2717 dare
659 2675 760 2732 possent,

97 2737 246 2800 oocupbnnt3
263 2736 398 2784 adscendere
414 2735 525 2795 curulem,
542 2750 613 2798 quam
628 2734 760 2786 detineants

98 2815 146 2848 esse
162 2801 269 2864 deniqne,
281 2801 344 2864 quod
359 2800 539 2873 concupieruntr
558 2797 659 2846 necideo
669 2804 761 2842 tantum

98 2863 156 2912 velle
166 2866 269 2923 consedes
278 2865 336 2925 fieri,
347 2872 374 2912 ut
384 2864 479 2912 suennt.
496 2862 591 2911 Gessisti
601 2862 698 2908 alterum
709 2873 763 2928 con-

98 2928 208 2989 sulatum,
217 2929 279 2979 scio:
291 2929 360 2979 illum
371 2918 786 2989 exornatus,niumpxoasesasb-
