<?xml version="1.0" encoding="UTF-8"?>
<!DOCTYPE html PUBLIC "-//W3C//DTD XHTML 1.0 Transitional//EN"
    "http://www.w3.org/TR/xhtml1/DTD/xhtml1-transitional.dtd">
<html xmlns="http://www.w3.org/1999/xhtml" xml:lang="en" lang="en">
 <head>
  <title>
</title>
<meta http-equiv="Content-Type" content="text/html;charset=utf-8" />
  <meta name='ocr-system' content='tesseract 3.04.00' />
  <meta name='ocr-capabilities' content='ocr_page ocr_carea ocr_par ocr_line ocrx_word'/>
</head>
<body>
  <div class='ocr_page' id='page_1' title='image "./cpliniicciliise00plingoog_0051.png"; bbox 0 0 1718 3344; ppageno 0'>
   <div class='ocr_carea' id='block_1_1' title="bbox 94 127 594 179">
    <p class='ocr_par' dir='ltr' id='par_1_1' title="bbox 94 127 594 179">
     <span class='ocr_line' id='line_1_1' title="bbox 94 127 594 179; baseline -0.01 0"><span class='ocrx_word' id='word_1_1' title='bbox 94 133 126 179; x_wconf 79' lang='lat'><strong>36</strong></span> <span class='ocrx_word' id='word_1_2' title='bbox 256 128 339 178; x_wconf 81' lang='lat' dir='ltr'>PLIN</span> <span class='ocrx_word' id='word_1_3' title='bbox 343 128 370 175; x_wconf 92' lang='lat'><strong>11</strong></span> <span class='ocrx_word' id='word_1_4' title='bbox 393 127 499 176; x_wconf 81' lang='lat' dir='ltr'><strong>EPIST.</strong></span> <span class='ocrx_word' id='word_1_5' title='bbox 518 127 553 175; x_wconf 92' lang='lat'><strong>11.</strong></span> <span class='ocrx_word' id='word_1_6' title='bbox 570 129 594 175; x_wconf 82' lang='lat'><strong>9.</strong></span> 
     </span>
    </p>
   </div>
   <div class='ocr_carea' id='block_1_2' title="bbox 95 281 773 410">
    <p class='ocr_par' dir='ltr' id='par_1_2' title="bbox 95 281 773 410">
     <span class='ocr_line' id='line_1_2' title="bbox 110 281 773 346; baseline 0.002 -12"><span class='ocrx_word' id='word_1_7' title='bbox 110 288 178 334; x_wconf 85' lang='lat' dir='ltr'><strong>uibus</strong></span> <span class='ocrx_word' id='word_1_8' title='bbox 188 285 213 331; x_wconf 91' lang='lat' dir='ltr'><strong>in</strong></span> <span class='ocrx_word' id='word_1_9' title='bbox 224 283 369 332; x_wconf 77' lang='lat' dir='ltr'><strong>celeberrimo</strong></span> <span class='ocrx_word' id='word_1_10' title='bbox 376 283 425 330; x_wconf 91' lang='lat' dir='ltr'><strong>loco</strong></span> <span class='ocrx_word' id='word_1_11' title='bbox 431 296 477 330; x_wconf 90' lang='lat' dir='ltr'><strong>non</strong></span> <span class='ocrx_word' id='word_1_12' title='bbox 485 281 556 328; x_wconf 89' lang='lat' dir='ltr'><strong>modo</strong></span> <span class='ocrx_word' id='word_1_13' title='bbox 566 283 651 346; x_wconf 80' lang='lat' dir='ltr'><strong>species</strong></span> <span class='ocrx_word' id='word_1_14' title='bbox 658 286 773 335; x_wconf 79' lang='lat' dir='ltr'><strong>etvuitm</strong></span> 
     </span>
     <span class='ocr_line' id='line_1_3' title="bbox 95 346 737 410; baseline 0 -10"><span class='ocrx_word' id='word_1_15' title='bbox 95 353 100 363; x_wconf 90' lang='lat'>&#39;</span> <span class='ocrx_word' id='word_1_16' title='bbox 134 366 196 410; x_wconf 90' lang='lat' dir='ltr'><strong>rum,</strong></span> <span class='ocrx_word' id='word_1_17' title='bbox 208 349 248 398; x_wconf 84' lang='lat' dir='ltr'><strong>scd</strong></span> <span class='ocrx_word' id='word_1_18' title='bbox 258 349 331 397; x_wconf 87' lang='lat' dir='ltr'><strong>honor</strong></span> <span class='ocrx_word' id='word_1_19' title='bbox 341 348 410 396; x_wconf 88' lang='lat' dir='ltr'><strong>etiam</strong></span> <span class='ocrx_word' id='word_1_20' title='bbox 420 355 443 395; x_wconf 84' lang='lat' dir='ltr'><strong>et</strong></span> <span class='ocrx_word' id='word_1_21' title='bbox 453 347 526 410; x_wconf 78' lang='lat' dir='ltr'><strong>gloria</strong></span> <span class='ocrx_word' id='word_1_22' title='bbox 536 346 645 395; x_wconf 70' lang='lat' dir='ltr'><strong>referm!</strong></span> <span class='ocrx_word' id='word_1_23' title='bbox 664 348 737 399; x_wconf 77' lang='lat' dir='ltr'><strong>Vaic-</strong></span> 
     </span>
    </p>
   </div>
   <div class='ocr_carea' id='block_1_3' title="bbox 217 541 630 608">
    <p class='ocr_par' dir='ltr' id='par_1_3' title="bbox 217 541 630 608">
     <span class='ocr_line' id='line_1_4' title="bbox 217 541 630 608; baseline -0.005 -18"><span class='ocrx_word' id='word_1_24' title='bbox 217 541 269 608; x_wconf 88' lang='lat'>(8.)</span> <span class='ocrx_word' id='word_1_25' title='bbox 288 544 316 591; x_wconf 81' lang='lat' dir='ltr'><strong>C.</strong></span> <span class='ocrx_word' id='word_1_26' title='bbox 328 543 426 590; x_wconf 79' lang='lat' dir='ltr'><strong>Plinius</strong></span> <span class='ocrx_word' id='word_1_27' title='bbox 440 543 541 590; x_wconf 78' lang='lat' dir='ltr'><strong>Caninio</strong></span> <span class='ocrx_word' id='word_1_28' title='bbox 551 555 593 586; x_wconf 69' lang='lat' dir='ltr'><strong>atto</strong></span> <span class='ocrx_word' id='word_1_29' title='bbox 604 542 630 588; x_wconf 84' lang='lat' dir='ltr'><strong>S.</strong></span> 
     </span>
    </p>
   </div>
   <div class='ocr_carea' id='block_1_4' title="bbox 90 669 768 1446">
    <p class='ocr_par' dir='ltr' id='par_1_4' title="bbox 90 669 768 1446">
     <span class='ocr_line' id='line_1_5' title="bbox 118 669 768 735; baseline -0.011 -12"><span class='ocrx_word' id='word_1_30' title='bbox 118 673 227 732; x_wconf 72' lang='lat' dir='ltr'><strong>,studeat</strong></span> <span class='ocrx_word' id='word_1_31' title='bbox 245 686 274 719; x_wconf 89' lang='lat' dir='ltr'><strong>an</strong></span> <span class='ocrx_word' id='word_1_32' title='bbox 290 671 400 735; x_wconf 82' lang='lat' dir='ltr'><strong>piscaris?</strong></span> <span class='ocrx_word' id='word_1_33' title='bbox 416 685 445 718; x_wconf 91' lang='lat' dir='ltr'><strong>an</strong></span> <span class='ocrx_word' id='word_1_34' title='bbox 457 671 566 720; x_wconf 79' lang='lat' dir='ltr'><strong>venaris?</strong></span> <span class='ocrx_word' id='word_1_35' title='bbox 582 685 612 718; x_wconf 89' lang='lat' dir='ltr'><strong>an</strong></span> <span class='ocrx_word' id='word_1_36' title='bbox 627 669 701 720; x_wconf 86' lang='lat' dir='ltr'><strong>simul</strong></span> <span class='ocrx_word' id='word_1_37' title='bbox 715 688 768 722; x_wconf 88' lang='lat' dir='ltr'><strong>om.</strong></span> 
     </span>
     <span class='ocr_line' id='line_1_6' title="bbox 92 735 768 802; baseline -0.001 -14"><span class='ocrx_word' id='word_1_38' title='bbox 92 740 152 788; x_wconf 83' lang='lat' dir='ltr'><strong>nia?</strong></span> <span class='ocrx_word' id='word_1_39' title='bbox 172 742 269 802; x_wconf 87' lang='lat' dir='ltr'><strong>possunt</strong></span> <span class='ocrx_word' id='word_1_40' title='bbox 288 736 350 784; x_wconf 88' lang='lat' dir='ltr'><strong>enim</strong></span> <span class='ocrx_word' id='word_1_41' title='bbox 367 736 445 783; x_wconf 85' lang='lat' dir='ltr'><strong>omnia</strong></span> <span class='ocrx_word' id='word_1_42' title='bbox 461 735 531 782; x_wconf 90' lang='lat' dir='ltr'><strong>simul</strong></span> <span class='ocrx_word' id='word_1_43' title='bbox 549 736 598 783; x_wconf 85' lang='lat' dir='ltr'><strong>fieri</strong></span> <span class='ocrx_word' id='word_1_44' title='bbox 616 735 647 782; x_wconf 90' lang='lat' dir='ltr'><strong>ad</strong></span> <span class='ocrx_word' id='word_1_45' title='bbox 664 735 768 787; x_wconf 79' lang='lat' dir='ltr'><strong>Larium</strong></span> 
     </span>
     <span class='ocr_line' id='line_1_7' title="bbox 92 799 768 864; baseline 0 -15"><span class='ocrx_word' id='word_1_46' title='bbox 92 812 211 852; x_wconf 77' lang='lat' dir='ltr'><strong>noenum:</strong></span> <span class='ocrx_word' id='word_1_47' title='bbox 233 815 288 848; x_wconf 81' lang='lat' dir='ltr'><strong>nam</strong></span> <span class='ocrx_word' id='word_1_48' title='bbox 309 801 372 848; x_wconf 85' lang='lat' dir='ltr'><strong>lacus</strong></span> <span class='ocrx_word' id='word_1_49' title='bbox 390 799 485 862; x_wconf 81' lang='lat' dir='ltr'><strong>piscem,</strong></span> <span class='ocrx_word' id='word_1_50' title='bbox 507 799 566 847; x_wconf 80' lang='lat' dir='ltr'><strong>ieras</strong></span> <span class='ocrx_word' id='word_1_51' title='bbox 587 800 658 860; x_wconf 86' lang='lat' dir='ltr'><strong>silvae‚</strong></span> <span class='ocrx_word' id='word_1_52' title='bbox 679 803 768 864; x_wconf 84' lang='lat' dir='ltr'><strong>quibua</strong></span> 
     </span>
     <span class='ocr_line' id='line_1_8' title="bbox 91 864 766 930; baseline -0.003 -13"><span class='ocrx_word' id='word_1_53' title='bbox 91 870 154 917; x_wconf 72' lang='lat' dir='ltr'><strong>lacus</strong></span> <span class='ocrx_word' id='word_1_54' title='bbox 165 866 271 930; x_wconf 79' lang='lat' dir='ltr'>cingitur,</span> <span class='ocrx_word' id='word_1_55' title='bbox 288 865 364 912; x_wconf 88' lang='lat' dir='ltr'><strong>studia</strong></span> <span class='ocrx_word' id='word_1_56' title='bbox 375 864 498 911; x_wconf 76' lang='lat' dir='ltr'><strong>aldseirnus</strong></span> <span class='ocrx_word' id='word_1_57' title='bbox 508 864 551 911; x_wconf 86' lang='lat' dir='ltr'><strong>iste</strong></span> <span class='ocrx_word' id='word_1_58' title='bbox 560 879 661 912; x_wconf 84' lang='lat' dir='ltr'><strong>secessus</strong></span> <span class='ocrx_word' id='word_1_59' title='bbox 675 866 766 915; x_wconf 82' lang='lat' dir='ltr'><strong>affatim</strong></span> 
     </span>
     <span class='ocr_line' id='line_1_9' title="bbox 92 928 765 996; baseline -0.009 -15"><span class='ocrx_word' id='word_1_60' title='bbox 92 931 200 996; x_wconf 78' lang='lat' dir='ltr'><strong>suggerit</strong></span> <span class='ocrx_word' id='word_1_61' title='bbox 221 929 274 986; x_wconf 90' lang='lat' dir='ltr'><strong>Sed,</strong></span> <span class='ocrx_word' id='word_1_62' title='bbox 287 930 334 977; x_wconf 76' lang='lat' dir='ltr'><strong>aive</strong></span> <span class='ocrx_word' id='word_1_63' title='bbox 343 929 422 975; x_wconf 90' lang='lat' dir='ltr'><strong>omnia</strong></span> <span class='ocrx_word' id='word_1_64' title='bbox 433 929 510 986; x_wconf 89' lang='lat' dir='ltr'><strong>simul,</strong></span> <span class='ocrx_word' id='word_1_65' title='bbox 522 928 570 975; x_wconf 87' lang='lat' dir='ltr'><strong>sive</strong></span> <span class='ocrx_word' id='word_1_66' title='bbox 580 929 668 991; x_wconf 82' lang='lat' dir='ltr'><strong>aliquid</strong></span> <span class='ocrx_word' id='word_1_67' title='bbox 685 931 765 991; x_wconf 72' lang='lat' dir='ltr'><strong>facim,</strong></span> 
     </span>
     <span class='ocr_line' id='line_1_10' title="bbox 91 992 766 1108; baseline -0.001 0"><span class='ocrx_word' id='word_1_68' title='bbox 91 993 348 1108; x_wconf 47' lang='lat' dir='ltr'><strong>diffidi&amp;</strong></span> <span class='ocrx_word' id='word_1_69' title='bbox 357 992 601 1105; x_wconf 55' lang='grc' dir='ltr'><strong>ἑῗὲοἶῗὲοἰζζίᾞῗ</strong></span> <span class='ocrx_word' id='word_1_70' title='bbox 616 1003 766 1107; x_wconf 61' lang='grc' dir='ltr'><em>Ἣ</em></span> 
     </span>
     <span class='ocr_line' id='line_1_11' title="bbox 91 1072 765 1186; baseline -0.006 -12"><span class='ocrx_word' id='word_1_71' title='bbox 91 1091 278 1178; x_wconf 60' lang='lat' dir='ltr'><strong>mineafoncesf</strong></span> <span class='ocrx_word' id='word_1_72' title='bbox 294 1072 505 1184; x_wconf 58' lang='lat' dir='ltr'><strong>diunquamnedos</strong></span> <span class='ocrx_word' id='word_1_73' title='bbox 513 1073 765 1186; x_wconf 53' lang='lat' dir='ltr'><strong>aiouffllaquoesss</strong></span> 
     </span>
     <span class='ocr_line' id='line_1_12' title="bbox 91 1185 763 1250; baseline -0.004 -13"><span class='ocrx_word' id='word_1_74' title='bbox 91 1191 112 1237; x_wconf 87' lang='lat' dir='ltr'><strong>ai</strong></span> <span class='ocrx_word' id='word_1_75' title='bbox 130 1188 216 1236; x_wconf 84' lang='lat' dir='ltr'><strong>solvere</strong></span> <span class='ocrx_word' id='word_1_76' title='bbox 230 1195 335 1249; x_wconf 79' lang='lat' dir='ltr'><strong>negatur,</strong></span> <span class='ocrx_word' id='word_1_77' title='bbox 354 1188 512 1248; x_wconf 74' lang='lat' dir='ltr'><strong>abrumpam?</strong></span> <span class='ocrx_word' id='word_1_78' title='bbox 533 1185 671 1248; x_wconf 80' lang='lat' dir='ltr'><strong>Nunquam,</strong></span> <span class='ocrx_word' id='word_1_79' title='bbox 688 1197 763 1250; x_wconf 78' lang='lat' dir='ltr'><strong>puto:</strong></span> 
     </span>
     <span class='ocr_line' id='line_1_13' title="bbox 90 1251 763 1314; baseline -0.001 -13"><span class='ocrx_word' id='word_1_80' title='bbox 90 1268 146 1301; x_wconf 89' lang='lat' dir='ltr'><strong>nam</strong></span> <span class='ocrx_word' id='word_1_81' title='bbox 161 1253 274 1300; x_wconf 82' lang='lat' dir='ltr'><strong>veteribus</strong></span> <span class='ocrx_word' id='word_1_82' title='bbox 289 1251 385 1314; x_wconf 85' lang='lat' dir='ltr'><strong>negotiis</strong></span> <span class='ocrx_word' id='word_1_83' title='bbox 395 1264 455 1296; x_wconf 87' lang='lat' dir='ltr'><strong>nova</strong></span> <span class='ocrx_word' id='word_1_84' title='bbox 465 1259 608 1304; x_wconf 72' lang='lat' dir='ltr'><strong>senescunt:</strong></span> <span class='ocrx_word' id='word_1_85' title='bbox 626 1264 669 1298; x_wconf 84' lang='lat' dir='ltr'><strong>nec</strong></span> <span class='ocrx_word' id='word_1_86' title='bbox 685 1261 763 1300; x_wconf 76' lang='lat' dir='ltr'><strong>tamen</strong></span> 
     </span>
     <span class='ocr_line' id='line_1_14' title="bbox 90 1314 762 1382; baseline -0.004 -17"><span class='ocrx_word' id='word_1_87' title='bbox 90 1319 166 1382; x_wconf 80' lang='lat' dir='ltr'><strong>priore</strong></span> <span class='ocrx_word' id='word_1_88' title='bbox 182 1328 337 1382; x_wconf 79' lang='lat' dir='ltr'><strong>peraguntur:</strong></span> <span class='ocrx_word' id='word_1_89' title='bbox 355 1324 390 1363; x_wconf 88' lang='lat' dir='ltr'><strong>tot</strong></span> <span class='ocrx_word' id='word_1_90' title='bbox 408 1314 514 1372; x_wconf 80' lang='lat' dir='ltr'>nexibus,</span> <span class='ocrx_word' id='word_1_91' title='bbox 533 1323 567 1362; x_wconf 84' lang='lat' dir='ltr'><strong>cot</strong></span> <span class='ocrx_word' id='word_1_92' title='bbox 585 1315 652 1376; x_wconf 85' lang='lat' dir='ltr'><strong>quasi</strong></span> <span class='ocrx_word' id='word_1_93' title='bbox 668 1317 762 1374; x_wconf 71' lang='lat' dir='ltr'><strong>catmis,</strong></span> 
     </span>
     <span class='ocr_line' id='line_1_15' title="bbox 90 1379 762 1446; baseline -0.001 -15"><span class='ocrx_word' id='word_1_94' title='bbox 90 1384 167 1445; x_wconf 87' lang='lat' dir='ltr'><strong>majus</strong></span> <span class='ocrx_word' id='word_1_95' title='bbox 177 1383 250 1432; x_wconf 86' lang='lat' dir='ltr'><strong>indies</strong></span> <span class='ocrx_word' id='word_1_96' title='bbox 259 1380 434 1446; x_wconf 72' lang='lat' dir='ltr'><strong>occupationum</strong></span> <span class='ocrx_word' id='word_1_97' title='bbox 445 1393 528 1442; x_wconf 76' lang='lat' dir='ltr'><strong>agmen</strong></span> <span class='ocrx_word' id='word_1_98' title='bbox 539 1379 677 1427; x_wconf 80' lang='lat' dir='ltr'><strong>extenditur.</strong></span> <span class='ocrx_word' id='word_1_99' title='bbox 694 1380 762 1430; x_wconf 76' lang='lat' dir='ltr'><strong>Vale·</strong></span> 
     </span>
    </p>
   </div>
   <div class='ocr_carea' id='block_1_5' title="bbox 185 1573 631 1642">
    <p class='ocr_par' dir='ltr' id='par_1_5' title="bbox 185 1573 631 1642">
     <span class='ocr_line' id='line_1_16' title="bbox 185 1573 631 1642; baseline -0.02 -15"><span class='ocrx_word' id='word_1_100' title='bbox 185 1576 238 1642; x_wconf 80' lang='lat' dir='ltr'><strong>(u.)</strong></span> <span class='ocrx_word' id='word_1_101' title='bbox 258 1577 286 1626; x_wconf 78' lang='grc'><strong>0.</strong></span> <span class='ocrx_word' id='word_1_102' title='bbox 298 1578 396 1624; x_wconf 76' lang='lat' dir='ltr'><strong>Plinius</strong></span> <span class='ocrx_word' id='word_1_103' title='bbox 407 1573 542 1635; x_wconf 69' lang='lat' dir='ltr'><strong>Apollinari</strong></span> <span class='ocrx_word' id='word_1_104' title='bbox 552 1586 593 1619; x_wconf 80' lang='lat' dir='ltr'><strong>ruo</strong></span> <span class='ocrx_word' id='word_1_105' title='bbox 604 1574 631 1620; x_wconf 77' lang='lat' dir='ltr'><strong>S.</strong></span> 
     </span>
    </p>
   </div>
   <div class='ocr_carea' id='block_1_6' title="bbox 35 1700 761 2734">
    <p class='ocr_par' dir='ltr' id='par_1_6' title="bbox 35 1700 761 2734">
     <span class='ocr_line' id='line_1_17' title="bbox 121 1700 761 1765; baseline 0.003 -14"><span class='ocrx_word' id='word_1_106' title='bbox 121 1703 229 1752; x_wconf 83' lang='lat' dir='ltr'><strong>Anxium</strong></span> <span class='ocrx_word' id='word_1_107' title='bbox 248 1718 287 1751; x_wconf 92' lang='lat' dir='ltr'><strong>me</strong></span> <span class='ocrx_word' id='word_1_108' title='bbox 308 1711 331 1750; x_wconf 88' lang='lat' dir='ltr'><strong>et</strong></span> <span class='ocrx_word' id='word_1_109' title='bbox 351 1700 482 1765; x_wconf 88' lang='lat' dir='ltr'><strong>inquietum</strong></span> <span class='ocrx_word' id='word_1_110' title='bbox 503 1702 573 1749; x_wconf 83' lang='lat' dir='ltr'><strong>habet</strong></span> <span class='ocrx_word' id='word_1_111' title='bbox 593 1701 674 1765; x_wconf 80' lang='lat' dir='ltr'><strong>petitio</strong></span> <span class='ocrx_word' id='word_1_112' title='bbox 695 1703 761 1753; x_wconf 79' lang='lat' dir='ltr'><strong>Sexti</strong></span> 
     </span>
     <span class='ocr_line' id='line_1_18' title="bbox 35 1762 761 1830; baseline -0.003 -12"><span class='ocrx_word' id='word_1_113' title='bbox 35 1762 40 1768; x_wconf 38' lang='lat'>³</span> <span class='ocrx_word' id='word_1_114' title='bbox 89 1768 170 1818; x_wconf 79' lang='lat' dir='ltr'><strong>Erucii</strong></span> <span class='ocrx_word' id='word_1_115' title='bbox 183 1767 237 1815; x_wconf 79' lang='lat' dir='ltr'><strong>mei.</strong></span> <span class='ocrx_word' id='word_1_116' title='bbox 260 1767 358 1815; x_wconf 87' lang='lat' dir='ltr'><strong>Afficior</strong></span> <span class='ocrx_word' id='word_1_117' title='bbox 374 1766 445 1821; x_wconf 67' lang='lat' dir='ltr'><strong>curii</strong></span> <span class='ocrx_word' id='word_1_118' title='bbox 465 1775 496 1826; x_wconf 87' lang='lat' dir='ltr'><strong>et,</strong></span> <span class='ocrx_word' id='word_1_119' title='bbox 512 1781 583 1830; x_wconf 90' lang='lat' dir='ltr'><strong>quam</strong></span> <span class='ocrx_word' id='word_1_120' title='bbox 601 1781 644 1829; x_wconf 92' lang='lat' dir='ltr'><strong>pro</strong></span> <span class='ocrx_word' id='word_1_121' title='bbox 660 1782 701 1815; x_wconf 86' lang='lat' dir='ltr'><strong>me</strong></span> <span class='ocrx_word' id='word_1_122' title='bbox 715 1769 761 1816; x_wconf 86' lang='lat' dir='ltr'><strong>aoi-</strong></span> 
     </span>
     <span class='ocr_line' id='line_1_19' title="bbox 89 1829 760 1894; baseline -0.001 -12"><span class='ocrx_word' id='word_1_123' title='bbox 89 1832 232 1882; x_wconf 68' lang='lat' dir='ltr'><strong>iicitudinn</strong></span> <span class='ocrx_word' id='word_1_124' title='bbox 247 1846 293 1880; x_wconf 88' lang='lat' dir='ltr'><strong>nou</strong></span> <span class='ocrx_word' id='word_1_125' title='bbox 304 1831 359 1892; x_wconf 86' lang='lat' dir='ltr'><strong>adii,</strong></span> <span class='ocrx_word' id='word_1_126' title='bbox 370 1829 436 1894; x_wconf 79' lang='lat' dir='ltr'><strong>quusi</strong></span> <span class='ocrx_word' id='word_1_127' title='bbox 446 1845 488 1894; x_wconf 90' lang='lat' dir='ltr'><strong>pro</strong></span> <span class='ocrx_word' id='word_1_128' title='bbox 498 1845 537 1878; x_wconf 92' lang='lat' dir='ltr'><strong>me</strong></span> <span class='ocrx_word' id='word_1_129' title='bbox 547 1830 618 1878; x_wconf 81' lang='lat' dir='ltr'><strong>altero</strong></span> <span class='ocrx_word' id='word_1_130' title='bbox 630 1832 721 1894; x_wconf 75' lang='lat' dir='ltr'><strong>patiore</strong></span> <span class='ocrx_word' id='word_1_131' title='bbox 737 1840 760 1881; x_wconf 83' lang='lat' dir='ltr'><strong>et</strong></span> 
     </span>
     <span class='ocr_line' id='line_1_20' title="bbox 89 1894 758 1971; baseline -0.003 -26"><span class='ocrx_word' id='word_1_132' title='bbox 89 1896 176 1971; x_wconf 72' lang='lat' dir='ltr'><strong>alioqui</strong></span> <span class='ocrx_word' id='word_1_133' title='bbox 191 1908 256 1944; x_wconf 86' lang='lat' dir='ltr'><strong>meua</strong></span> <span class='ocrx_word' id='word_1_134' title='bbox 270 1895 352 1960; x_wconf 84' lang='lat' dir='ltr'><strong>pudor.</strong></span> <span class='ocrx_word' id='word_1_135' title='bbox 363 1910 416 1942; x_wconf 91' lang='lat' dir='ltr'><strong>mea</strong></span> <span class='ocrx_word' id='word_1_136' title='bbox 426 1894 572 1954; x_wconf 77' lang='lat' dir='ltr'><strong>existimatio,</strong></span> <span class='ocrx_word' id='word_1_137' title='bbox 587 1909 640 1943; x_wconf 90' lang='lat' dir='ltr'><strong>mea</strong></span> <span class='ocrx_word' id='word_1_138' title='bbox 650 1896 758 1960; x_wconf 80' lang='lat' dir='ltr'><strong>dignitas,</strong></span> 
     </span>
     <span class='ocr_line' id='line_1_21' title="bbox 88 1958 759 2022; baseline -0.001 -12"><span class='ocrx_word' id='word_1_139' title='bbox 88 1962 114 2010; x_wconf 92' lang='lat' dir='ltr'><strong>in</strong></span> <span class='ocrx_word' id='word_1_140' title='bbox 124 1958 245 2009; x_wconf 73' lang='lat' dir='ltr'><strong>discrimen</strong></span> <span class='ocrx_word' id='word_1_141' title='bbox 261 1960 388 2008; x_wconf 79' lang='lat' dir='ltr'><strong>adducitur.</strong></span> <span class='ocrx_word' id='word_1_142' title='bbox 406 1959 459 2022; x_wconf 80' lang='lat' dir='ltr'><strong>Ego</strong></span> <span class='ocrx_word' id='word_1_143' title='bbox 472 1961 543 2007; x_wconf 69' lang='lat' dir='ltr'><strong>Sexto</strong></span> <span class='ocrx_word' id='word_1_144' title='bbox 556 1959 630 2006; x_wconf 91' lang='lat' dir='ltr'><strong>iatum</strong></span> <span class='ocrx_word' id='word_1_145' title='bbox 641 1960 759 2009; x_wconf 77' lang='lat' dir='ltr'><strong>davum</strong></span> 
     </span>
     <span class='ocr_line' id='line_1_22' title="bbox 89 2023 760 2088; baseline 0 -14"><span class='ocrx_word' id='word_1_146' title='bbox 89 2026 179 2074; x_wconf 67' lang='lat' dir='ltr'><strong>uocare</strong></span> <span class='ocrx_word' id='word_1_147' title='bbox 188 2033 274 2085; x_wconf 88' lang='lat' dir='ltr'><strong>nostro,</strong></span> <span class='ocrx_word' id='word_1_148' title='bbox 286 2040 328 2088; x_wconf 81' lang='lat' dir='ltr'><strong>ego</strong></span> <span class='ocrx_word' id='word_1_149' title='bbox 338 2032 486 2088; x_wconf 68' lang='lat' dir='ltr'><strong>questurum,</strong></span> <span class='ocrx_word' id='word_1_150' title='bbox 497 2023 632 2086; x_wconf 71' lang='lat' dir='ltr'><strong>impetravit</strong></span> <span class='ocrx_word' id='word_1_151' title='bbox 647 2039 702 2074; x_wconf 83' lang='lat' dir='ltr'><strong>mco</strong></span> <span class='ocrx_word' id='word_1_152' title='bbox 712 2025 760 2073; x_wconf 83' lang='lat' dir='ltr'><strong>sui·</strong></span> 
     </span>
     <span class='ocr_line' id='line_1_23' title="bbox 88 2087 758 2154; baseline 0.001 -17"><span class='ocrx_word' id='word_1_153' title='bbox 88 2089 162 2153; x_wconf 76' lang='lat' dir='ltr'><strong>nagio</strong></span> <span class='ocrx_word' id='word_1_154' title='bbox 180 2089 282 2152; x_wconf 88' lang='lat' dir='ltr'><strong>pervenit</strong></span> <span class='ocrx_word' id='word_1_155' title='bbox 298 2088 328 2137; x_wconf 85' lang='lat' dir='ltr'><strong>ad</strong></span> <span class='ocrx_word' id='word_1_156' title='bbox 340 2093 378 2150; x_wconf 86' lang='lat' dir='ltr'><strong>jus</strong></span> <span class='ocrx_word' id='word_1_157' title='bbox 395 2088 538 2135; x_wconf 89' lang='lat' dir='ltr'><strong>tribunatum</strong></span> <span class='ocrx_word' id='word_1_158' title='bbox 556 2087 665 2150; x_wconf 77' lang='lat' dir='ltr'><strong>peterrdi3</strong></span> <span class='ocrx_word' id='word_1_159' title='bbox 688 2104 758 2154; x_wconf 88' lang='lat' dir='ltr'><strong>quem</strong></span> 
     </span>
     <span class='ocr_line' id='line_1_24' title="bbox 88 2150 758 2214; baseline -0.003 -13"><span class='ocrx_word' id='word_1_160' title='bbox 88 2155 134 2202; x_wconf 84' lang='lat' dir='ltr'><strong>nisi</strong></span> <span class='ocrx_word' id='word_1_161' title='bbox 144 2153 232 2201; x_wconf 86' lang='lat' dir='ltr'><strong>obtinet</strong></span> <span class='ocrx_word' id='word_1_162' title='bbox 241 2153 266 2201; x_wconf 90' lang='lat' dir='ltr'><strong>in</strong></span> <span class='ocrx_word' id='word_1_163' title='bbox 277 2162 366 2210; x_wconf 87' lang='lat' dir='ltr'><strong>senatu,</strong></span> <span class='ocrx_word' id='word_1_164' title='bbox 382 2167 467 2210; x_wconf 83' lang='lat' dir='ltr'><strong>vereor,</strong></span> <span class='ocrx_word' id='word_1_165' title='bbox 479 2166 508 2199; x_wconf 91' lang='lat' dir='ltr'><strong>ne</strong></span> <span class='ocrx_word' id='word_1_166' title='bbox 518 2150 633 2214; x_wconf 79' lang='lat' dir='ltr'><strong>decepisse</strong></span> <span class='ocrx_word' id='word_1_167' title='bbox 643 2152 758 2203; x_wconf 70' lang='lat' dir='ltr'><strong>Caeam</strong></span> 
     </span>
     <span class='ocr_line' id='line_1_25' title="bbox 87 2215 758 2274; baseline 0.003 -9"><span class='ocrx_word' id='word_1_168' title='bbox 87 2217 173 2266; x_wconf 85' lang='lat' dir='ltr'><strong>videar.</strong></span> <span class='ocrx_word' id='word_1_169' title='bbox 195 2217 295 2266; x_wconf 87' lang='lat' dir='ltr'><strong>Proinde</strong></span> <span class='ocrx_word' id='word_1_170' title='bbox 305 2215 456 2265; x_wconf 74' lang='lat' dir='ltr'><strong>annitendum</strong></span> <span class='ocrx_word' id='word_1_171' title='bbox 464 2225 499 2264; x_wconf 90' lang='lat' dir='ltr'><strong>est</strong></span> <span class='ocrx_word' id='word_1_172' title='bbox 508 2215 575 2274; x_wconf 88' lang='lat' dir='ltr'><strong>mihi,</strong></span> <span class='ocrx_word' id='word_1_173' title='bbox 587 2217 696 2265; x_wconf 75' lang='lat' dir='ltr'><strong>attalem</strong></span> <span class='ocrx_word' id='word_1_174' title='bbox 704 2233 758 2266; x_wconf 87' lang='lat' dir='ltr'><strong>eum</strong></span> 
     </span>
     <span class='ocr_line' id='line_1_26' title="bbox 85 2279 757 2344; baseline 0.001 -15"><span class='ocrx_word' id='word_1_175' title='bbox 85 2281 190 2344; x_wconf 84' lang='lat' dir='ltr'><strong>judicent</strong></span> <span class='ocrx_word' id='word_1_176' title='bbox 199 2296 287 2339; x_wconf 88' lang='lat' dir='ltr'><strong>omues,</strong></span> <span class='ocrx_word' id='word_1_177' title='bbox 314 2283 391 2330; x_wconf 75' lang='lat' dir='ltr'><strong>udesn</strong></span> <span class='ocrx_word' id='word_1_178' title='bbox 400 2296 449 2328; x_wconf 85' lang='lat' dir='ltr'><strong>ease</strong></span> <span class='ocrx_word' id='word_1_179' title='bbox 460 2280 569 2343; x_wconf 85' lang='lat' dir='ltr'><strong>Princeps</strong></span> <span class='ocrx_word' id='word_1_180' title='bbox 579 2279 639 2327; x_wconf 91' lang='lat' dir='ltr'><strong>mihi</strong></span> <span class='ocrx_word' id='word_1_181' title='bbox 649 2282 757 2330; x_wconf 77' lang='lat' dir='ltr'><strong>eredidits</strong></span> 
     </span>
     <span class='ocr_line' id='line_1_27' title="bbox 88 2344 758 2410; baseline 0.001 -16"><span class='ocrx_word' id='word_1_182' title='bbox 88 2362 141 2410; x_wconf 81' lang='lat' dir='ltr'><strong>quae</strong></span> <span class='ocrx_word' id='word_1_183' title='bbox 152 2361 220 2394; x_wconf 86' lang='lat' dir='ltr'><strong>causa</strong></span> <span class='ocrx_word' id='word_1_184' title='bbox 229 2347 248 2394; x_wconf 83' lang='lat' dir='ltr'><strong>si</strong></span> <span class='ocrx_word' id='word_1_185' title='bbox 259 2355 296 2394; x_wconf 88' lang='lat' dir='ltr'><strong>stu</strong></span> <span class='ocrx_word' id='word_1_186' title='bbox 313 2347 363 2394; x_wconf 86' lang='lat' dir='ltr'><strong>‘um</strong></span> <span class='ocrx_word' id='word_1_187' title='bbox 374 2360 453 2392; x_wconf 89' lang='lat' dir='ltr'><strong>meum</strong></span> <span class='ocrx_word' id='word_1_188' title='bbox 464 2358 511 2392; x_wconf 88' lang='lat' dir='ltr'><strong>uon</strong></span> <span class='ocrx_word' id='word_1_189' title='bbox 521 2344 633 2404; x_wconf 73' lang='lat' dir='ltr'><strong>incitaret,</strong></span> <span class='ocrx_word' id='word_1_190' title='bbox 650 2344 758 2407; x_wconf 85' lang='lat' dir='ltr'><strong>adjutum</strong></span> 
     </span>
     <span class='ocr_line' id='line_1_28' title="bbox 88 2409 757 2474; baseline 0 -16"><span class='ocrx_word' id='word_1_191' title='bbox 88 2419 166 2458; x_wconf 78' lang='lat' dir='ltr'><strong>tamen</strong></span> <span class='ocrx_word' id='word_1_192' title='bbox 177 2420 283 2474; x_wconf 83' lang='lat' dir='ltr'><strong>cuperem</strong></span> <span class='ocrx_word' id='word_1_193' title='bbox 289 2412 398 2472; x_wconf 76' lang='lat' dir='ltr'><strong>juvenen</strong></span> <span class='ocrx_word' id='word_1_194' title='bbox 405 2409 578 2472; x_wconf 82' lang='lat' dir='ltr'><strong>probissimum,</strong></span> <span class='ocrx_word' id='word_1_195' title='bbox 586 2409 757 2471; x_wconf 82' lang='lat' dir='ltr'><strong>gravissimum,</strong></span> 
     </span>
     <span class='ocr_line' id='line_1_29' title="bbox 87 2473 758 2537; baseline 0 -14"><span class='ocrx_word' id='word_1_196' title='bbox 87 2474 275 2536; x_wconf 85' lang='lat' dir='ltr'><strong>eruditissimum,</strong></span> <span class='ocrx_word' id='word_1_197' title='bbox 291 2474 356 2523; x_wconf 88' lang='lat' dir='ltr'><strong>omni</strong></span> <span class='ocrx_word' id='word_1_198' title='bbox 365 2473 464 2537; x_wconf 91' lang='lat' dir='ltr'><strong>denique</strong></span> <span class='ocrx_word' id='word_1_199' title='bbox 474 2473 543 2520; x_wconf 80' lang='lat' dir='ltr'><strong>laude</strong></span> <span class='ocrx_word' id='word_1_200' title='bbox 553 2473 725 2536; x_wconf 76' lang='lat' dir='ltr'><strong>dignissimum,</strong></span> <span class='ocrx_word' id='word_1_201' title='bbox 736 2482 758 2523; x_wconf 83' lang='lat' dir='ltr'><strong>et</strong></span> 
     </span>
     <span class='ocr_line' id='line_1_30' title="bbox 104 2537 758 2601; baseline 0.002 -14"><span class='ocrx_word' id='word_1_202' title='bbox 104 2539 183 2587; x_wconf 91' lang='lat' dir='ltr'><strong>uidem</strong></span> <span class='ocrx_word' id='word_1_203' title='bbox 203 2553 257 2587; x_wconf 87' lang='lat' dir='ltr'><strong>eum</strong></span> <span class='ocrx_word' id='word_1_204' title='bbox 278 2539 328 2586; x_wconf 74' lang='lat' dir='ltr'><strong>toti</strong></span> <span class='ocrx_word' id='word_1_205' title='bbox 348 2538 425 2586; x_wconf 87' lang='lat' dir='ltr'><strong>domo.</strong></span> <span class='ocrx_word' id='word_1_206' title='bbox 453 2539 518 2586; x_wconf 87' lang='lat' dir='ltr'><strong>Nam</strong></span> <span class='ocrx_word' id='word_1_207' title='bbox 536 2545 601 2601; x_wconf 87' lang='lat' dir='ltr'><strong>pater</strong></span> <span class='ocrx_word' id='word_1_208' title='bbox 619 2538 640 2586; x_wconf 89' lang='lat' dir='ltr'><strong>ei</strong></span> <span class='ocrx_word' id='word_1_209' title='bbox 657 2537 758 2588; x_wconf 82' lang='lat' dir='ltr'><strong>Erucius</strong></span> 
     </span>
     <span class='ocr_line' id='line_1_31' title="bbox 88 2554 758 2666; baseline -0.003 -13"><span class='ocrx_word' id='word_1_210' title='bbox 88 2554 179 2659; x_wconf 66' lang='lat' dir='ltr'><strong>dim</strong></span> <span class='ocrx_word' id='word_1_211' title='bbox 200 2603 235 2651; x_wconf 87' lang='lat' dir='ltr'><strong>vir</strong></span> <span class='ocrx_word' id='word_1_212' title='bbox 256 2609 355 2660; x_wconf 72' lang='lat' dir='ltr'><strong>muca,</strong></span> <span class='ocrx_word' id='word_1_213' title='bbox 377 2602 495 2666; x_wconf 85' lang='lat' dir='ltr'><strong>antiquus,</strong></span> <span class='ocrx_word' id='word_1_214' title='bbox 516 2601 622 2662; x_wconf 61' lang='lat' dir='ltr'><strong>duma</strong></span> <span class='ocrx_word' id='word_1_215' title='bbox 641 2611 714 2666; x_wconf 83' lang='lat' dir='ltr'><strong>atque</strong></span> <span class='ocrx_word' id='word_1_216' title='bbox 734 2604 758 2651; x_wconf 83' lang='lat' dir='ltr'><strong>in</strong></span> 
     </span>
     <span class='ocr_line' id='line_1_32' title="bbox 87 2665 759 2734; baseline -0.004 -16"><span class='ocrx_word' id='word_1_217' title='bbox 87 2668 274 2732; x_wconf 79' lang='lat' dir='ltr'><strong>agendiscausii</strong></span> <span class='ocrx_word' id='word_1_218' title='bbox 291 2665 689 2732; x_wconf 60' lang='lat' dir='ltr'><strong>aerduumquaammmiiidc,</strong></span> <span class='ocrx_word' id='word_1_219' title='bbox 708 2667 759 2734; x_wconf 72' lang='lat' dir='ltr'><strong>posi</strong></span> 
     </span>
    </p>
   </div>
   <div class='ocr_carea' id='block_1_7' title="bbox 0 0 864 3344">
    <p class='ocr_par' dir='ltr' id='par_1_7' title="bbox 0 0 864 3344">
     <span class='ocr_line' id='line_1_33' title="bbox 0 0 864 3344; baseline 0 1"><span class='ocrx_word' id='word_1_220' title='bbox 0 0 864 3344; x_wconf 95' lang='lat' dir='ltr'><strong> </strong></span> 
     </span>
    </p>
   </div>
  </div>
 </body>
</html>
