1718 3344
215 496 328 547 PLINII
348 498 456 548 tielsr.
473 499 534 548 vn.
551 500 588 548 ta.
686 501 730 549 tul

57 625 731 702 indlimsntaingenuonimingenunruinqueproiniserani‚

58 704 145 765 agrum
155 706 185 738 ex
197 691 264 749 meis,
278 691 347 766 longe
361 692 444 754 pluris,
459 692 529 738 actori
543 692 635 755 publico
644 693 732 740 manci·

56 755 128 818 pavi:
152 754 267 808 eumdem,
285 755 389 818 vectigali
410 755 526 830 imposito·
544 756 626 819 recepi,
646 754 732 804 tricena

58 819 136 866 millis
146 833 225 866 annua
240 818 342 867 daturus.
368 819 413 867 Per
427 819 470 867 hoc
486 819 547 866 enim
563 830 585 868 et
596 820 732 894 reipublice

55 898 110 930 sors
118 883 144 929 in
153 890 214 940 tuto,
222 897 264 930 nec
274 883 373 930 reditus
366 895 480 939 incertus
498 892 521 930 et
531 899 585 946 ager
594 884 651 947 ipse,
662 899 732 947 prop

54 953 96 994 -ter
112 946 137 993 id
152 917 214 1010 quoii
230 946 326 1008 vectigal
340 948 404 1010 large
420 948 565 1010 supercurrit,
583 963 672 1022 semper
690 948 732 995 do-

55 1009 163 1067 minum,
174 1025 246 1074 aquo
256 1019 394 1068 exerceatur
405 1011 519 1060 inveniet.
534 1011 601 1060 Nec'
594 1027 683 1086 ignoro,
692 1027 731 1061 me

54 1075 116 1138 plus
136 1043 262 1137 eliquanto,
281 1085 352 1137 quam
373 1045 467 1123 diruisse
488 1075 574 1134 videor,
596 1075 730 1139 erogsvisse‚

59 1153 116 1186 cum
131 1137 347 1202 pulcherrimiugri
362 1139 461 1214 pretium
480 1140 600 1187 necessitas
615 1140 730 1202 vectigalis

56 1201 186 1265 infregerit.
210 1201 354 1265 Scdoportet
280 1202 460 1265 privatis
470 1203 607 1250 utilitatibus
632 1204 729 1278 ιιΙιΗιιι,

55 1266 311 1319 mortalibusoetemns,
325 1266 449 1322 anteferret
466 1267 557 1331 multoq
557 1267 637 1314 ned'
667 1269 731 1318 ntius

58 1329 154 1378 muneri
163 1344 206 1378 suo
216 1330 341 1392 consulere,
351 1346 423 1395 quani
432 1277 585 1380 facultatibus.
602 1331 670 1381 V

187 1524 258 1589 (19.)
277 1527 305 1574 C·
317 1526 415 1574 Plinius
426 1526 511 1573 Prisco
521 1539 562 1572 suo
573 1524 599 1574 S.

94 1651 172 1715 Angit
184 1667 224 1700 me
234 1652 329 1701 anioe
338 1653 453 1701 vduudo.
469 1654 589 1702 Contraxit
601 1655 661 1702 hanc
671 1622 728 1703 duiri

58 1716 147 1766 asido
157 1714 234 1765 Juniae
245 1717 345 1780 Virgini,
361 1725 440 1780 sponte
451 1717 552 1780 primum
564 1726 609 1770 (est
623 1718 684 1773 enim
695 1719 730 1766 af·

55 1779 139 1841 dinis),
152 1780 310 1828 deindeetiam
321 1781 490 1829 exauctoritste
504 1781 646 1844 pontificum.
666 1783 730 1830 Nam

57 1845 178 1907 Virgines.
189 1859 242 1892 cum
257 1845 280 1892 vi
293 1847 368 1893 morbi
381 1845 438 1892 atrio
450 1846 526 1892 Vestae
539 1855 653 1908 cogimtur
666 1861 732 1894 exce·

59 1910 126 1967 dere,
147 1917 304 1956 matronarum
325 1924 385 1957 curas
403 1909 556 1972 cusudaeque
576 1910 730 1959 mandanturr

60 1988 130 2050 qno
127 1987 222 2020 munere
236 1973 396 2023 Fanniadum
410 1973 488 2021 sedulo
500 1973 611 2036 fungitur,
627 1974 670 2022 hoo
684 1975 731 2022 dis-

60 2029 160 2086 crimine
170 2036 281 2100 implicita
291 2044 332 2085 est.
354 2037 458 2086 Insident
467 2037 556 2094 febres3
573 2038 640 2086 tussis
650 2038 731 2087 incres-

60 2103 111 2156 cit·
123 2101 313 2156 summamsciet
323 2117 414 2149 summa
421 2101 530 2150 defectio
542 2102 632 2151 animus
640 2111 731 2152 tantum

10 2162 14 2167 '
63 2175 86 2215 et
103 2164 197 2240 spiritus
213 2165 283 2228 viget,
303 2165 411 2214 Helvidio
428 2166 519 2225 marito,
538 2157 640 2215 Thrasei
657 2178 731 2231 patre,

63 2228 220 2293 dignisdmus
248 2230 349 2292 Reliqua
364 2230 482 2290 labuntur,
501 2246 585 2294 meque
603 2246 649 2278 non
666 2240 731 2279 metu

63 2303 166 2351 tantum,
177 2308 257 2340 verum
263 2293 332 2341 etiam
338 2294 423 2353 dolore
432 2294 559 2342 conficiunt
576 2294 651 2342 Doleo
661 2295 732 2354 enim,

63 2357 194 2405 maximam
207 2357 317 2404 feminam
334 2355 391 2420 eripi
406 2358 477 2406 oculis
493 2358 598 2416 civitatis,
613 2359 688 2408 nescio
702 2375 733 2406 an

64 2421 155 2485 aliquid
165 2421 271 2468 simile
249 2422 338 2469 visuris
354 2421 416 2480 Quae
423 2422 512 2470 cestius
517 2392 598 2469 illiusi
607 2437 661 2485 quae
669 2438 734 2471 suno-

62 2486 136 2534 titas!
155 2494 242 2547 quanta
250 2485 364 2559 Ιςιιιὶιιιι
381 2494 467 2549 quanta
474 2486 614 2534 constantia!
633 2487 674 2535 Bis
684 2503 735 2534 rna-

61 2550 138 2598 ritum
156 2558 233 2597 secuta
248 2548 273 2596 in
292 2550 399 2597 exsilium
418 2557 459 2607 est,
485 2550 552 2598 tertio
570 2551 620 2614 ipsa
642 2559 735 2615 propter

64 2613 177 2661 maritum
184 2613 289 2675 relegata
300 2611 373 2674 Nam,
380 2628 433 2661 cum
439 2613 533 2662 Senecio
540 2630 592 2662 reus
600 2623 657 2662 esset
658 2615 735 2678 ,quod

65 2678 96 2726 de
106 2676 155 2725 viti
166 2676 269 2724 Helvidii
279 2677 349 2725 libros
362 2678 533 2752 composuisset,
546 2686 700 2754 rogatumque
712 2691 736 2726 se

66 2758 82 2790 a
92 2741 204 2789 Fannia
197 2756 222 2788 m
233 2741 362 2789 defensione
372 2741 474 2800 diisset,
487 2753 603 2805 querente
617 2742 736 2789 minaciter

67 2805 156 2854 Mettio
171 2805 240 2864 Caro,
256 2818 286 2852 an
304 2806 423 2868 rogasset?
449 2805 599 2868 respondit,‘
600 2805 736 2868 ‘Rogavi”

66 2875 110 2919 An
121 2869 296 2918 commentarios
306 2870 417 2932 scripturo
426 2869 543 2918 dedisset?
561 2869 676 2918 “Dedi''
697 2870 741 2916 An

67 2933 155 2982 ιιίιιιιι
164 2938 266 2992 matre,
268 2933 434 2983 Nasciente’'
462 2933 597 2996 Postremo,
605 2934 757 2983 nmmo

56 3010 115 3043 cein
125 2996 241 3045 amenum
248 2998 355 3061 perictilo
364 3000 452 3054 emisit.
471 3002 545 3066 Quin
552 2996 775 3060 etiamdioe'iw

576 3082 602 3119 nt
