1718 3344
216 512 330 566 rum-1
352 511 463 575 uulso.
482 515 514 565 V.
533 515 572 565 14.
693 518 738 574 127

55 645 99 693 dat
108 643 218 706 deinde,
229 645 292 710 quod
302 645 439 694 memorium
447 644 518 694 soceri
524 645 570 692 mei
578 643 737 709 pulcherrimis

55 709 358 784 openiipsvidsoprofsmh
370 718 494 774 postremo,
502 710 564 772 quod
575 709 650 785 patria
659 718 737 758 nostru

55 774 166 833 florescit,
177 789 249 838 quam
263 773 323 822 mihi
333 789 347 820 a
356 789 503 838 quocumque
513 775 587 822 excoli
595 774 736 835 jucundum,

57 847 102 887 ste
108 837 313 886 vcrolaetissimum
321 846 363 886 cst.
379 838 451 898 Quod
458 847 570 902 superest,
579 837 736 902 Daospmmr,

57 911 86 950 ut
95 902 204 950 aninnuu
213 903 285 950 ismm
295 902 347 959 uui,
358 904 436 950 animo
443 903 481 952 isti
491 911 592 965 tempus,
604 917 675 966 quam
685 902 737 950 lon-

57 966 183 1030 gissimum
196 966 306 1015 minuant.
331 965 397 1015 Nam
407 967 480 1030 liquet
494 966 561 1026 mihi,
573 967 688 1025 futurum,
699 975 736 1027 ut,

58 1039 152 1143 m
172 1030 236 1106 quod
260 1030 643 1144 prplxime'tppomlfflnipchois
664 1031 736 1107 aliud.

60 1109 383 1223 fflffimoepmffi
393 1159 545 1208 commendsu
563 1105 651 1209 Vsalmae'
669 1110 736 1158 culm

191 1352 264 1418 (13.)
284 1356 312 1403 C.
324 1355 423 1402 Plinius
431 1355 521 1403 Scauro
531 1369 573 1401 suo
579 1357 606 1403 S.

92 1481 240 1531 Recitaturus
250 1482 427 1542 oratiunculam,
438 1498 509 1547 quam
523 1483 641 1546 publicare
650 1485 734 1548 cogito,

59 1546 170 1595 advocavi
188 1546 283 1611 sliquos,
302 1556 330 1595 ut
350 1562 478 1604 reverersrs
497 1562 591 1611 paucos,
609 1556 637 1595 ut
653 1564 734 1596 verum

59 1611 173 1659 audirem.
193 1611 257 1658 Nam
269 1611 328 1658 mihi
338 1611 426 1674 duplex
436 1612 494 1671 ratio
504 1611 614 1659 recitandi
620 1631 627 1671 ;
642 1627 697 1667 una,
707 1623 736 1661 ut

58 1674 212 1723 sollicimdine
226 1675 347 1729 intendara
365 1676 444 1732 altera,
459 1683 487 1722 ut
501 1675 633 1734 admensus,
648 1676 736 1739 siquid

58 1740 171 1799 formino,
175 1747 203 1786 ut
209 1739 369 1797 meum‚fallit.
380 1739 446 1797 Tuli,
451 1739 513 1802 quod
522 1740 640 1802 petebam:
649 1739 735 1798 inveni,

58 1804 102 1868 qui
111 1803 171 1851 mihi
181 1803 271 1866 copiam
282 1803 370 1851 consilii
385 1802 422 1849 sui
436 1803 542 1850 facerent.
560 1800 573 1848 I
590 1817 614 1850 se
628 1811 737 1866 praetersa

57 1867 169 1932 quedam
187 1867 330 1915 cmmdsnda
348 1867 463 1914 annotavi
491 1867 566 1914 Emen
598 1866 734 1928 viliorum,

57 1931 248 1996 quemmisitibi.
264 1931 389 1980 Materiam
398 1947 427 1978 ex
435 1931 502 1979 titulo
510 1940 735 1994 cognososs30aeters
762 1952 765 1957 ¹

57 1997 118 2045 liber
128 1996 266 2059 explicabits
276 2011 346 2058 quem
355 1997 405 2057 jam
416 2010 479 2044 nunc
488 2004 578 2060 oportet
587 1996 619 2043 ita
629 2010 736 2044 consues-

57 2077 118 2121 cere,
129 2068 157 2108 ut
167 2061 216 2109 siue
225 2060 514 2124 praefationeinteiligatur.
532 2061 580 2116 Tu,
592 2059 670 2118 velim,
678 2061 735 2124 quid

56 2125 88 2173 ds
102 2125 218 2183 universo,
229 2124 286 2188 quid
297 2124 326 2172 de
341 2125 445 2187 partibus
461 2125 552 2183 sentias,
570 2125 654 2173 acrium
669 2125 734 2173 mihi.

57 2189 109 2238 Ero
123 2189 187 2238 euim
201 2188 238 2236 vel
252 2188 339 2236 osutior
353 2189 378 2235 iu
394 2189 539 2249 continendo,
551 2189 587 2238 vel
598 2191 737 2238 constantior

57 2254 83 2302 in
95 2253 192 2314 edendo,
208 2252 284 2301 sihuc
294 2253 331 2300 vel
346 2253 402 2301 illuc
417 2255 539 2303 auotoritas
555 2263 596 2302 tua
611 2255 736 2302 accesserit.

59 2318 128 2368 vale.

171 2511 243 2577 (14.)
261 2515 290 2563 C.
303 2516 401 2562 Plinius
416 2513 540 2562 Valeriano
549 2527 591 2560 suo
602 2515 628 2560 S.

93 2643 160 2692 Ettu
167 2656 242 2705 rogas,
251 2651 274 2690 ct
282 2657 325 2705 ego
334 2643 437 2706 promisi,
446 2642 583 2706 sirogissss,
595 2642 733 2706 scripturum

58 2724 100 2758 me
110 2707 162 2766 tibi,
173 2722 244 2770 quem
254 2707 372 2755 habuisset
382 2715 488 2755 eventum
502 2707 625 2770 postulatio
637 2708 735 2770 Nepotis

58 2774 121 2823 circa
133 2771 264 2819 Tuscilium
275 2771 437 2820 Nominatum.
453 2769 565 2820 Inductus
575 2779 609 2819 cst
619 2772 736 2819 Nomina·

57 2848 114 2887 tusa
131 2836 179 2900 egit
194 2835 243 2899 ipss
258 2851 301 2900 pro
317 2851 349 2895 sc,
365 2837 431 2885 nullo
447 2845 579 2886 accusante:
598 2850 654 2883 nam
664 2835 735 2898 legati

58 2901 237 2952 vicentinomm
249 2915 295 2948 non
306 2901 376 2948 modo
386 2915 432 2948 non
460 2908 574 2949 remmom
582 2915 645 2959 eum,
652 2915 733 2947 verum

56 2965 317 3016 etiamsublsvaverunt.
329 2967 428 3013 Summa
449 2965 577 3020 siensiouis,
586 2967 604 2994 “
611 2979 657 3011 non
664 2962 734 3010 fidem

56 3031 103 3081 sibi
116 3031 141 3078 in
156 3029 311 3090 advocatione,
330 3030 369 3078 scd
385 3029 544 3087 constantiam,
563 3027 675 3077 desiisse:
694 3027 734 3075 de-
