1718 3344
174 443 288 491 PLINII
313 443 565 493 PANEGYRICUS.
581 445 621 492 63.
685 446 733 493 349

67 585 160 628 remus;
178 571 217 620 sed
227 581 310 630 etnos,
322 587 379 635 quos
389 572 435 620 ille.
453 572 524 620 Nunc
534 572 593 620 inter
604 572 735 635 Principem

67 644 220 699 senatumque
237 637 364 699 dignissimi
385 639 497 699 cujusque
518 637 610 685 oritate
630 644 736 685 certatur.

26 745 31 749 .
66 699 260 748 Demonstramus
277 701 384 758 invicem,
402 701 515 749 oreslimus
531 701 644 757 invicem3
662 701 735 764 quod-

66 779 114 826 que
130 765 260 812 meximum
277 765 361 812 amoris
377 765 454 813 mutui
472 765 565 828 signum
584 773 626 824 est,
644 765 735 812 eosdem

65 843 182 876 amamus.
206 828 314 887 Proinde,
326 829 406 876 Patres
417 829 554 892 Conseripti,
565 829 639 877 favete
649 837 734 892 aperte,

65 891 156 954 diligite
162 902 297 941 oonstanter.
314 893 370 940 Non
374 895 424 954 Jam
432 893 611 942 dissimulandus
619 902 654 941 est
661 908 734 953 amor,

64 970 96 1002 ne
107 966 201 1013 nooest;
218 973 265 1005 uon
276 958 427 1020 premendum
438 957 526 1016 odium,
537 973 567 1006 ne
582 958 660 1021 prosit
688 956 736 1004 Es-

65 1019 121 1067 dem
132 1020 216 1079 Csesar,
228 1038 281 1085 quse
291 1030 391 1080 senatus,
401 1023 484 1085 probat
494 1022 660 1135 mprffle
684 1021 735 1069 Vos

64 1084 106 1131 ille
117 1095 247 1147 praesentes,
259 1101 299 1133 vos
309 1085 378 1133 etism
389 1088 500 1146 absentes,
514 1085 539 1133 in
608 1087 613 1097 '
625 1087 646 1134 'o
657 1087 734 1133 hebet

66 1149 148 1196 Tertio
165 1150 267 1198 consules
285 1150 347 1207 feeit,
366 1167 424 1214 quos
441 1166 481 1199 vos
499 1150 631 1214 elegeratis3
648 1159 671 1199 et
681 1149 735 1198 feeit

64 1213 110 1261 hoo
120 1213 208 1271 ordine,
219 1215 338 1277 quoeleoti
346 1215 430 1263 avobis
438 1222 509 1263 erant.
526 1215 630 1279 Magnus
635 1225 735 1279 >uterque
749 1214 751 1218 '

64 1278 140 1325 honor
150 1287 232 1336 vester,
250 1278 297 1326 sive
309 1279 401 1326 eosdem
411 1280 514 1327 maxime
523 1279 607 1343 diligit,
623 1280 682 1343 quos'
692 1279 734 1327 seit

64 1342 131 1390 vobis
150 1357 198 1390 esse
214 1342 354 1398 canssimos3
373 1343 420 1391 sive
435 1343 616 1392 illis'neminem
633 1343 733 1408 prefert,

38 1448 44 1457 .
63 1406 173 1468 quamvis
183 1407 284 1469 aliquem
295 1407 368 1469 magis
381 1416 449 1455 emet.
478 1408 597 1471 Proposita
609 1415 664 1456 sunt
674 1407 734 1456 seni-

63 1471 144 1519 oribus
164 1471 267 1534 praemia,
287 1471 411 1532 juvenibus
431 1473 551 1534 exemplar
575 1473 666 1530 adeant,
688 1471 734 1519 fre·

63 1543 177 1598 quentent
194 1551 283 1584 soeuras
297 1534 391 1582 tandem
405 1551 432 1583 ae
445 1544 548 1599 patentes
558 1536 652 1584 domos:
669 1535 733 1599 quis·

64 1599 358 1728 {instillet
373 1616 437 1713 vii?
452 1599 733 1726 {dimidii
764 1634 767 1639 ’

63 1729 130 1791 quod
146 1728 228 1791 suique
244 1728 390 1776 adstruatur:
408 1728 543 1792 nullamque
557 1728 582 1775 in
598 1744 625 1776 eo
635 1728 732 1792 gloriam

63 1792 140 1856 ponit,
151 1793 213 1856 quod
224 1793 254 1840 sit
263 1793 370 1840 omnibus
381 1795 462 1854 major,
477 1792 522 1840 nisi
531 1793 628 1840 maximi
637 1793 732 1851 fuerint,

64 1857 150 1920 quibus
160 1859 234 1918 major
244 1865 285 1905 est.
302 1857 390 1917 Persta,
402 1857 487 1914 Caessr,
497 1857 522 1904 in
532 1856 577 1905 isti
584 1858 671 1905 ratione
678 1872 732 1920 pro·

63 1921 149 1984 positis
166 1922 268 1985 talesque
278 1936 320 1969 nos
330 1921 403 1980 crede,
415 1921 489 1985 qualis
499 1921 562 1970 fama
569 1923 680 1986 cujusque
688 1929 729 1969 est

64 1985 131 2033 Huic
152 2001 227 2045 aures,
245 1985 300 2033 huic
320 1985 406 2043 oeulos,
428 1985 535 2034 intende:
560 2001 590 2034 ne
608 1986 732 2051 respexeris

62 2049 215 2098 clandestinas
233 2049 419 2109 existimationes,
436 2050 552 2114 nullisque
570 2051 644 2115 magis
659 2064 732 2116 quam

63 2114 210 2162 audientibus
228 2114 360 2162 insidiantes
378 2131 488 2163 susurros.
520 2115 608 2164 Melius
624 2115 731 2164 omnibus

64 2193 136 2242 quam
155 2178 251 2240 singulis
267 2177 380 2226 crediturr
398 2179 483 2242 singuli
504 2179 566 2227 enim
585 2180 687 2243 desipere
708 2187 732 2228 et

62 2242 138 2355 qieeeipi
156 2251 266 2307 possuut3
283 2258 352 2291 nemo
368 2258 455 2304 omnes,
470 2243 587 2292 nemiuem
601 2259 680 2291 omnes
696 2243 731 2290 fe-

86 2308 196 2355 llerunt'
551 2331 558 2340 s

98 2371 165 2431 (63.)
177 2372 289 2419 Revertor
292 2373 343 2432 jam
351 2373 531 2422 edoonsulstum
538 2381 605 2421 tuum
613 2388 621 2430 ς
629 2371 730 2420 etsisunt

63 2435 359 2498 quaedamedeonsuletum
366 2438 459 2512 quidem
466 2437 610 2501 pertinentis,
617 2446 670 2486 ante
676 2451 730 2485 eon·

63 2500 165 2547 sulatum
173 2508 265 2547 tamen:
278 2500 399 2563 imprimis,
406 2502 470 2565 quod
475 2501 572 2550 comitiis
579 2501 625 2550 tuis
632 2501 729 2549 interfu-

32 2623 34 2628 ·
62 2563 728 2694 tistitttrt⁰ttlntt⁸tltttttmtt

158 2661 165 2687 l
198 2682 201 2687 r
290 2662 298 2686 i
443 2663 451 2690 9

61 2692 87 2739 ni
96 2692 224 2756 Principes,
235 2692 292 2740 mali
300 2694 445 2741 mirarentur.
487 2694 528 2742 idit
538 2704 561 2742 te
569 2695 668 2758 populus
678 2694 728 2742 Ro·

60 2771 146 2806 manus
158 2757 182 2805 in
196 2755 238 2803 illi
248 2765 322 2805 vetere
334 2757 451 2821 potestatis
463 2774 511 2807 sure
523 2758 590 2807 sede:
607 2772 727 2822 perpessus

61 2836 87 2868 es
94 2821 192 2885 longum
199 2820 257 2869 illud
265 2836 356 2870 oermen
367 2821 520 2882 murinorum,
527 2838 570 2871 nee
577 2823 627 2883 jam
633 2821 730 2868 irriden-

59 2885 116 2933 dam
126 2900 230 2934 moram:
248 2887 373 2952 oonsulque
383 2885 415 2935 sic
422 2885 497 2936 factm
503 2895 736 2947 &intentisssim-

59 2949 102 3007 bis,
118 2966 177 3020 quos
191 2951 248 3002 facis
263 2953 380 3004 consules.
395 2944 762 3056 Quousqusmgffiirffi
