1718 3344
88 147 136 194 Μ
234 145 347 194 ΡΙιΙΝΙῙ
369 142 479 194 EPIST-
495 143 544 193 IX·
564 143 606 191 1³.

87 276 178 334 timna,
194 273 367 386 Qum&
380 272 511 321 bradua
526 271 654 335 regionum
669 272 758 321 dim

86 339 209 387 hominum
216 338 227 400 j
262 337 288 349 ''
313 338 465 387 eonsentiunt·
481 336 551 385 vua

207 530 277 596 (12.)
296 533 324 580 C.
337 531 437 578 Plinius
445 531 548 579 Jaasors
558 544 601 578 atto
613 532 642 579 S.
726 492 730 501 ι

122 661 256 724 Castigabat
265 658 362 723 quidam
370 659 446 706 fllium
454 674 533 719 mum,
542 659 608 724 quod
618 660 693 724 paulo
702 672 760 708 mm·

89 725 178 774 tuosius
189 740 260 789 equos
271 733 294 772 et
303 737 370 771 eanes
381 732 473 771 emeret.
488 723 556 772 Huic
570 739 623 786 ego,
633 725 721 785 juvene
727 723 759 770 di·

88 805 174 853 gresso,
187 793 204 818 “
217 789 284 836 Heus
295 788 336 835 tul
349 801 500 851 nunquamne
508 787 591 846 fausti,
603 788 693 851 quoda
702 795 761 851 poue

88 854 172 916 corripi
188 856 283 928 posset?
300 851 392 913 Fecisti,
411 851 482 899 dieo?
500 852 557 900 Non
568 852 691 900 interdum
701 851 759 910 fads,

89 917 152 981 quod
162 917 224 965 filius
238 928 300 976 tuus,
312 915 332 963 si
342 924 435 980 repente
448 924 514 979 pater
526 917 576 975 ille,
593 925 621 963 tu
632 917 705 975 filius,
716 915 760 980 pari

88 981 199 1045 gravitate
209 980 381 1044 reprehendat?
399 980 455 1027 Non
470 994 550 1030 omnes
566 981 677 1029 homines
687 981 760 1046 aliquo

90 1060 164 1093 errore
175 1045 309 1092 ducuntur?
326 1059 371 1090 non
382 1043 420 1091 hic
434 1043 459 1090 iu
473 1045 515 1090 illo
530 1045 584 1104 srbi,
597 1045 622 1091 iu
642 1045 688 1093 hoc
698 1045 760 1102 alius,

90 1109 195 1172 indulget
205 1110 233 1157 ?”
262 1109 321 1156 llaee
332 1108 382 1166 tibi,
399 1107 531 1156 admonitus
540 1109 676 1157 immediata
686 1108 761 1157 semri·

90 1173 144 1221 tatis
155 1174 269 1238 exarrplo‚
287 1189 329 1237 pro
339 1187 418 1220 amora
427 1181 520 1231 mutuo,
530 1173 620 1236 scripsi,
632 1172 761 1237 nequando

90 1248 220 1367 ξιι
227 1304 506 1366 s„
512 1237 640 1350 ιιι
652 1246 762 1366 ιιι

628 1336 637 1359 9

90 1368 144 1431 hoe,
155 1369 217 1433 quod
225 1384 249 1416 es
256 1375 329 1431 pater,
339 1374 412 1425 utere,
424 1375 452 1414 ut
458 1365 602 1427 memineris,
612 1375 637 1414 et
647 1366 762 1417 hominen

91 1449 139 1484 esse
149 1442 180 1497 te,
192 1442 215 1482 et
224 1431 324 1482 hominis
334 1440 431 1494 patrem.
447 1429 516 1479 Vale.

202 1624 269 1687 (13.)
293 1627 321 1674 C.
334 1627 431 1674 Plinius
443 1626 564 1681 Quadrato
574 1639 618 1672 sao
628 1627 657 1673 S.

124 1755 219 1815 Quanto
229 1753 353 1802 studiosius
368 1754 524 1818 intentiusque
538 1753 615 1816 legisti
626 1755 700 1802 libros
709 1768 764 1819 quos

87 1821 122 1868 ⁴de
133 1817 236 1866 Helvidii
243 1817 331 1865 ultione
342 1819 469 1881 oomposui‚
480 1826 544 1866 tauto
551 1819 682 1880 impensius
689 1830 765 1882 mena·

93 1886 136 1944 las,
154 1892 181 1930 ut
194 1881 331 1945 perscribam
351 1883 403 1941 tibi,
420 1899 473 1946 quae
489 1892 555 1930 extra
570 1883 649 1943 libros,
668 1898 765 1947 quaeque

93 1950 152 1998 cirea
172 1946 251 2007 libros,
271 1955 346 1994 totum
365 1947 464 2010 denique
484 1947 588 1994 ordinem
607 1948 650 2006 rei,
670 1949 710 1995 eui
728 1962 766 2011 per

93 2023 184 2061 atatem
202 2026 249 2059 non
271 2011 401 2058 interfuisti.
426 2011 509 2059 Oociso
531 2011 677 2070 Domitiano,
698 2010 767 2060 statui

93 2093 185 2126 meeum
204 2093 231 2124 ac
252 2075 383 2133 deliberavi,
406 2091 453 2123 esse
469 2091 580 2138 magnam
598 2076 768 2140 pulchramque

93 2143 213 2189 materiam
224 2140 350 2189 insectandi
361 2149 474 2199 abuentes,
486 2141 579 2188 miseros
590 2140 733 2200 vindieandi,
745 2155 768 2188 se

92 2205 229 2270 proferendi.
260 2207 341 2263 Porro,
357 2205 417 2252 inter
434 2205 510 2251 multa
525 2205 609 2251 seelera
628 2205 767 2262 multorum,

93 2271 187 2317 nullum
206 2270 304 2318 atrocius
323 2269 452 2328 videbatur,
472 2284 544 2332 quam
561 2269 625 2331 quod
642 2269 667 2316 in
688 2278 768 2316 senatu

94 2343 184 2382 senator
210 2334 315 2388 senatori,
337 2334 457 2395 pretorius
478 2333 602 2391 consulari,
625 2349 665 2381 reo
684 2334 768 2395 judex,

93 2413 177 2446 manua
192 2397 315 2446 intulisset.
343 2397 428 2445 Fuerat
442 2398 528 2461 alioqui
544 2398 603 2444 mihi
617 2413 673 2446 cum
684 2397 768 2446 Helvi-

95 2463 133 2511 dio
144 2463 253 2524 amicitia,
265 2469 352 2526 quanta
358 2470 464 2525 potuerat
474 2477 522 2510 esse
533 2477 587 2510 cum
599 2478 635 2522 eo,
642 2463 693 2526 qui,
704 2470 769 2510 metu

94 2536 235 2591 temporum,
246 2541 330 2575 nomen
342 2527 432 2589 ingens,
441 2543 507 2590 pares
517 2527 622 2587 virtutes,
634 2543 725 2575 secessu
735 2536 769 2574 ta·

92 2595 169 2657 gebat
194 2594 281 2642 Fuerat
291 2607 345 2639 cum
355 2591 427 2638 Arrii
437 2600 460 2639 et
470 2591 569 2649 fannia
581 2606 683 2653 quarum
694 2591 766 2639 altera

86 2659 195 2714 Helvidii
205 2675 313 2724 noverea,
326 2657 399 2710 altera
408 2665 484 2706 mater
493 2669 606 2703 norman·
623 2656 772 2702 baunonia
