1718 3344
91 347 136 393 lltt
252 344 366 395 Pn1N11
388 342 498 395 nemu.
514 342 548 392 V.
565 346 590 393 6.

88 482 160 522 terras
177 474 230 533 tibi,
248 475 289 523 ssd
307 475 407 523 formam
422 472 535 549 ubuum,
546 472 708 523 aderimiam
717 473 764 539 pnl-

87 538 240 587 chritudinem
258 539 354 604 pictam,
373 537 486 587 videberis
500 552 602 587 cerum
637 538 681 589 at
697 539 764 589 suie-

87 612 142 664 tate,
160 604 189 653 eia
206 604 365 668 descriptione,
383 617 531 667 quocumque
548 602 680 653 inciderint
699 603 764 659 omli,

87 668 224 717 reficientur.
245 669 320 730 Villa,
337 668 362 719 in
378 667 436 719 oolle
451 666 500 715 imo
510 668 563 727 sita,
574 667 694 733 prospicit
703 667 764 733 quei

88 749 118 781 ex
140 749 249 789 summor
266 733 299 781 ita
319 732 402 782 leniter
422 740 446 780 et
466 731 560 791 sensim,
580 731 644 781 clivo
663 733 763 793 tulna,

89 798 213 860 consurgit,
229 806 264 856 ut,
281 813 335 845 cum
349 796 487 846 adscendere
496 806 520 845 te
530 811 579 845 uon
623 805 672 858 tes,
683 797 764 847 emtas

88 861 237 910 adscendisse.
265 861 291 909 A
306 870 371 926 tergo
386 861 551 925 Apenninum,
562 812 764 926 aeffiongiuslm·

88 926 134 973 bet
150 924 764 1002 Accipitabhooaurssquamlibstserenoetplw'rlo

88 988 135 1047 die,
146 1004 194 1037 non
210 999 288 1039 tamen
302 1007 365 1040 acres
380 1000 404 1040 et
419 989 563 1050 immodicas,
574 990 765 1055 sedspanoipm

88 1053 312 1104 lassasetinfractss.
326 1054 766 1119 Magnasuipartemeridiemspeea,

89 1117 241 1183 aestivumque
247 1120 357 1168 solemab
365 1120 423 1168 horis
430 1119 505 1179 sexti,
511 1119 766 1184 hibernumaliquauto

88 1182 214 1294 iffi
227 1184 397 1297 rursu
407 1183 769 1297 sussum

89 1325 153 1357 more
170 1281 281 1360 veterum.
304 1312 370 1360 Ante
385 1312 501 1377 porticum
518 1282 602 1376 ipatus
618 1314 727 1363 concisus
742 1312 766 1359 in

89 1374 202 1437 plurimes
210 1377 304 1440 specics,
311 1377 478 1441 distinctusque
487 1378 563 1425 buxos
576 1376 697 1426 demissus
707 1376 766 1435 inda,

94 1578 117 1617 et
132 1585 199 1633 paene
214 1572 314 1621 dixerim
324 1571 434 1635 liquidus.
457 1569 544 1618 Ambit
554 1569 620 1617 bunc
629 1570 767 1629 ambulatio,

90 1635 173 1698 pressis
194 1638 302 1701 varieque
323 1637 395 1685 tonsis
415 1635 526 1684 viridibus
546 1633 654 1683 inclusas
679 1637 712 1685 ab
732 1634 767 1683 bis

90 1700 187 1761 gestatio
197 1702 222 1749 iu
233 1702 329 1751 modum
340 1701 401 1759 circi,
418 1715 472 1765 quae
482 1701 574 1748 buxum
584 1699 766 1757 multiformen,

91 1764 238 1829 humilesque
259 1775 282 1815 et
303 1774 401 1813 retentas
426 1779 498 1812 manu
523 1764 659 1812 arbusculas
680 1763 768 1813 munt

92 1828 182 1876 Omnia
197 1830 297 1877 maceriis
317 1830 470 1877 muniuntur:
490 1828 550 1876 hanc
571 1827 670 1890 gradata
689 1830 767 1877 buxus

92 1893 166 1955 operit
176 1902 199 1940 et
210 1893 331 1940 subtrahit.
354 1894 451 1941 Pratum
462 1893 516 1941 inde
526 1907 573 1940 non
583 1892 665 1941 minus
675 1890 767 1952 marr&

92 1972 164 2019 quam
178 1957 294 2019 superiora
309 1956 350 2004 illa
365 1966 422 2015 arte,
439 1957 568 2006 visendum.
586 1956 675 2021 Campi
684 1956 767 2005 deinde

92 2035 169 2082 porro,
178 2020 299 2083 multaque
309 2021 355 2068 alia
365 2031 432 2084 prata
439 2031 462 2071 et
468 2024 568 2070 arbusta.
590 2020 616 2068 A
627 2021 706 2096 capite
715 2036 769 2085 por·

93 2083 149 2131 ticls
161 2083 287 2131 triclinium
297 2086 413 2134 excurrite
425 2087 498 2135 valvis
506 2094 601 2149 xystum
612 2084 766 2145 denuentem,

92 2148 337 2276 {irrasus
347 2146 500 2265 aar
506 2166 574 2263 a
583 2149 768 2276 rossus

569 2247 576 2270 9

92 2278 240 2340 hippodromi
247 2232 468 2344 neriucqeomaique
475 2287 610 2343 prospectat.
622 2278 769 2327 Contrem-

93 2342 156 2389 diam
173 2342 220 2391 fere
237 2345 361 2407 porticum,
377 2345 446 2393 diruta
460 2345 559 2408 paulum
575 2342 677 2400 recedit3
695 2343 768 2407 cingit

92 2406 202 2465 areolam,
220 2425 272 2472 quse
289 2420 388 2472 quatuor
404 2409 503 2472 platanis
519 2409 674 2456 inumbratur.
702 2408 768 2456 Inter

93 2471 142 2525 has,
155 2487 283 2521 marmoreo
293 2475 357 2523 labro
368 2490 429 2537 aqua
438 2473 549 2533 exundat,
561 2473 767 2536 circumjectasque

93 2536 207 2598 platanos,
224 2550 247 2585 et
263 2540 365 2600 subjecta
374 2538 482 2602 platanis,
493 2537 541 2585 leni
551 2536 689 2600 adspergine
697 2536 768 2585 fovet·

94 2600 169 2648 Estin
176 2600 219 2649 hac
225 2602 295 2651 diaett
302 2602 461 2650 dormitorium
470 2602 613 2660 cubiculum,
621 2601 687 2664 quod
694 2600 766 2659 dien,

93 2666 226 2727 clamorem,
235 2683 326 2723 sonum,
334 2666 450 2715 excludit:
460 2668 588 2730 junctaque
597 2673 621 2713 et
630 2664 767 2729 quotidiam

92 2730 220 2778 amicorum
236 2732 340 2791 coenatio,
361 2729 426 2795 [qua
443 2731 544 2779 areolam
560 2730 636 2789 illam,
651 2729 768 2792 porticum

93 2793 184 2860 alium]
195 2795 322 2860 eademque
329 2796 408 2845 onmia
418 2811 471 2870 qua
481 2794 591 2859 porticus,
658 2794 710 2843 icit
722 2794 768 2843 na

94 2870 116 2908 et
124 2860 188 2909 aliud
194 2861 337 2921 cubiculum,
348 2859 480 2924 sproxrmd
489 2860 584 2924 platano
611 2858 637 2869 ''
679 2867 704 2909 et
713 2874 767 2907 um·
