1718 3344
217 495 328 548 nn1u11
351 490 460 547 sessu.
477 496 510 546 x.
526 499 566 546 os.
599 569 600 572 Ἴ
679 495 733 546 ιιι

126 687 193 751 (83.)
212 690 241 739 C.
251 693 349 741 Plinius
364 693 466 757 Trojano
476 693 620 756 Imperatori
631 693 658 741 S.

91 819 194 868 Centum
201 826 244 879 est,
251 819 361 876 Domine,
373 819 485 884 Pompeii
491 821 550 884 lege,
558 836 610 885 quae
618 818 727 884 Bithynis

57 883 114 931 dats
124 894 166 943 est,
177 897 207 931 ne
217 883 270 947 quis
280 885 356 948 espist
368 885 539 947 magistratum,
550 900 608 933 neve
618 885 682 934 sitin
692 899 727 932 se·

58 957 125 1006 nutu,
136 949 213 996 minor
222 963 335 996 annorum
346 948 447 1012 triginta.
462 949 554 998 Eidem
564 950 615 1012 lege
624 962 728 1012 eompre-

57 1012 158 1061 honsum
175 1019 218 1069 est,
236 1021 271 1072 ut,
285 1013 327 1076 qui
345 1012 445 1076 ceperint
459 1011 628 1077 magistratum,
646 1011 693 1061 sint
702 1012 728 1060 in

58 1085 147 1124 senatu.
164 1077 277 1138 Secutum⁴
285 1085 319 1125 est
328 1076 382 1125 dein
389 1077 489 1125 edictum
498 1078 555 1126 Divi
561 1077 674 1142 Augusti,
681 1091 729 1141 quo

57 1142 163 1204 permisit
172 1140 272 1188 minores
281 1141 429 1204 magistrante
439 1142 469 1189 sb
481 1141 547 1190 annis
557 1142 648 1190 duobus
659 1149 682 1189 et
691 1140 727 1190 vi·

57 1205 117 1268 ginti
133 1219 219 1269 espere.
247 1203 365 1264 Queritur
375 1221 438 1268 ergo,
453 1221 483 1254 un
494 1206 535 1271 qui
545 1206 621 1254 minor
631 1205 728 1268 triginta

58 1283 174 1318 snnornm
184 1268 254 1344 gemit
267 1269 421 1332 magistratus,
430 1271 503 1346 possit
512 1271 642 1319 censoribus
657 1271 682 1318 in
693 1284 728 1318 se·

58 1342 142 1383 netum
149 1335 209 1397 leg13
225 1342 256 1392 et,
268 1333 378 1398 sipotest
388 1349 418 1382 un
429 1349 447 1381 ιι
457 1351 558 1398 quoque,
569 1335 611 1399 qui
620 1349 667 1383 non
675 1349 728 1397 ges·

57 1398 138 1458 serint,
155 1398 250 1462 possint,
315 1397 419 1446 eamdem
433 1399 650 1462 interpretationem,
661 1400 691 1446 eb
701 1396 729 1446 ei

59 1469 133 1537 stute-
141 1470 253 1510 senatores
262 1413 317 1525 ζμ
332 1477 347 1509 ιι
357 1462 409 1574 3ςῆ
421 1462 467 1510 illis
480 1464 640 1538 megistrotum
651 1476 729 1526 gerere

58 1535 269 1640 {tremesagio
279 1525 376 1649 ίἔιιιέιῗίᾱῑιιι,
389 1542 449 1654 plqutp:
459 1525 730 1655 igpttppiqtiplnpptptmsphlpppp

58 1655 208 1703 honestorum
218 1655 340 1703 hominum
350 1655 441 1712 liberos,
453 1670 524 1719 quem
535 1670 548 1702 e
558 1655 634 1717 plebe,
649 1655 674 1701 in
688 1668 730 1701 ou·

58 1719 119 1766 riam
130 1719 228 1767 admitti.
244 1721 306 1783 Ego,
317 1735 332 1766 s
341 1718 459 1766 destinatis
466 1718 604 1776 censoribus,
616 1717 673 1782 quid
679 1731 731 1766 sen·
816 1748 818 1753 ·

59 1783 137 1842 tirem,
157 1784 316 1847 interrogetur,
337 1799 374 1831 eos
393 1782 494 1846 quidem,
515 1782 557 1846 qui
575 1783 674 1830 minores
689 1779 731 1827 tri-

59 1848 126 1922 ginta
136 1849 202 1896 mnis
217 1849 338 1912 gessissem
351 1847 520 1910 magistratum,
537 1848 648 1910 putsbam
665 1859 733 1910 posse

59 1927 85 1958 in
96 1922 208 1969 senatum,
219 1923 243 1961 et
253 1912 378 1961 seeundum
389 1911 489 1959 edietum
496 1911 609 1974 Augusti,
620 1920 644 1959 et
651 1920 731 1959 seorst-

60 1975 119 2023 dum
130 1976 205 2039 legem
216 1977 361 2040 Pompeiam,
372 1974 427 2038 legi,
439 1976 548 2039 quonism
558 1976 681 2038 Augustus
690 1987 731 2040 gt·

60 2055 110 2088 rere
120 2041 267 2103 magistratus
274 2040 402 2088 minoribns
410 2039 475 2087 snnis
483 2040 577 2105 triginta
582 2039 730 2104 permisisset,

60 2104 101 2151 lex
112 2114 238 2153 senatorem
249 2121 296 2153 esse
312 2104 427 2163 voluisset,
442 2104 483 2167 qui
496 2105 601 2168 gessisset
610 2105 731 2168 magistrt-

62 2177 122 2217 tum.
140 2167 178 2215 De
188 2169 224 2217 his
235 2178 313 2217 sutem
328 2168 370 2232 qui
380 2183 425 2216 non
436 2170 565 2231 gessissm,
579 2169 685 2232 quemvis
696 2184 731 2217 es·

62 2242 114 2280 sent
124 2234 197 2281 estatis
206 2233 318 2294 ejusdem,
329 2235 395 2294 eujus
403 2233 446 2293 illi,
458 2234 542 2296 quibus
549 2233 731 2296 gererepermis·

63 2311 116 2344 sinn
128 2305 169 2351 est,
186 2297 328 2345 haesitsbsm.
355 2298 401 2345 Per
411 2297 474 2360 quod
484 2297 590 2344 effoetum
601 2306 645 2355 est,
661 2304 688 2344 nt
697 2304 730 2356 te,

62 2360 173 2420 Domine,
185 2362 334 2418 consulerem,
351 2360 407 2424 quid
418 2360 532 2408 observari
542 2361 621 2409 velles.
647 2359 731 2425 Capita

61 2425 129 2488 legis,
141 2434 192 2473 trum
202 2426 303 2474 editum
313 2426 426 2489 Augusti,
436 2425 507 2474 iiteris
517 2423 610 2486 subjeci.

231 2620 301 2684 (st.)
322 2624 440 2686 Trajosus
451 2623 534 2671 Plinio
545 2623 572 2669 S.
599 2670 607 2674 ,

97 2751 282 2818 interpretationi
297 2760 352 2809 tun,
368 2749 404 2796 mi
418 2750 522 2798 Secunde
532 2749 654 2808 eensnme,
671 2749 733 2798 idem

63 2821 181 2876 existimo,
191 2817 301 2864 hactenus
309 2813 382 2862 edicto
393 2813 449 2861 Divi
456 2814 560 2876 Augusti
570 2822 678 2861 noestam
686 2828 734 2862 esse
797 2836 804 2849 κ

63 2887 140 2949 legem
158 2879 303 2944 Pompeium,
322 2887 349 2925 ut
365 2877 525 2945 magistratum
542 2876 636 2940 quidem
655 2893 735 2939 tepere

64 2957 159 3014 possent
172 2946 197 3005 ii,
207 2944 248 3009 qui
258 2957 304 2991 ιιοιι
318 2942 421 2991 minores
430 2940 535 2998 duorum
544 2949 572 2988 et
578 2940 754 3003 sigwinum-
777 2955 778 2959 ¹

58 3029 113 3061 rum
121 3019 203 3067 essent,
212 3018 243 3071 et,
255 3005 310 3077 [qui
319 3001 777 3079 sceepissentssinsenntummimt
