1718 3344
42 35 832 317 -

256 483 370 534 1²1thss
395 483 505 535 EPIS'I'.
522 485 544 533 1.
563 486 600 534 ts
730 490 760 539 19

90 627 197 678 numque
206 620 248 673 est,
259 627 306 662 non
313 614 422 662 admirari
429 613 547 663 hominem
555 614 761 680 admirationem&

51 718 57 727 .
91 679 224 736 dissimum,
241 677 297 741 quis
312 679 393 734 ridere
413 678 508 742 alloqui,
524 679 612 739 sudire,
631 680 759 742 complecti,

90 742 239 858 &caelandum
248 750 349 805 nutum,
366 758 446 792 verum
456 743 526 793 etiam
540 759 626 803 amare,
643 744 762 807 confingit.

168 999 241 1065 (17.)
258 1003 288 1052 c.
298 1002 396 1050 pressus
408 1003 479 1052 core
494 1003 589 1051 rosso
598 1017 641 1050 suo
651 1005 678 1053 s.

122 1129 169 1179 Est
193 1131 269 1180 adhuc
294 1145 355 1180 cure
375 1129 508 1179 hominibus
528 1130 584 1178 fides
605 1140 629 1179 et
649 1131 758 1181 officium.

89 1195 162 1254 Sunt,
172 1195 214 1259 qui
224 1194 385 1242 deftmctorum
395 1210 487 1258 quoque
497 1194 582 1242 amicos
593 1205 671 1258 agant.
698 1198 760 1245 Titi.

88 1259 144 1308 nius
155 1259 237 1322 capito
248 1261 278 1307 ab
288 1260 429 1322 Imperatore
438 1268 516 1307 noceo
530 1259 669 1322 impetravit,
679 1271 707 1308 ut
717 1263 761 1310 sibi

88 1323 168 1373 heret
177 1331 278 1372 statuam
289 1320 319 1370 L.
329 1323 449 1386 Syllaniin
456 1323 506 1370 foro
513 1338 603 1386 ponere.
621 1325 758 1386 Pulchrum,

89 1397 115 1439 et
121 1387 281 1451 msgnllsude
287 1387 394 1450 dignum,
398 1387 499 1436 amicitid
507 1387 620 1451 Principis
629 1389 654 1436 in
660 1390 704 1437 hoc
714 1391 758 1450 uti,

168 1580 260 1629 Mirum
268 1588 310 1638 est,
322 1579 368 1644 qud
376 1580 493 1643 religione,
501 1549 640 1643 quo⁵studio‚
647 1581 759 1644 imagines

89 1645 228 1703 Brutorum,
239 1644 379 1701 Cassiorum,
396 1644 521 1703 Catonum,
538 1643 608 1698 domi,
624 1645 666 1692 ubi
675 1655 758 1708 potest,

90 1709 183 1758 hebeat.
198 1710 266 1758 Idem
276 1707 395 1756 clarissimi
402 1709 514 1770 cujusque
523 1708 595 1755 vitam
605 1709 701 1770 egregiis
711 1726 760 1758 car.

91 1773 194 1822 minibus
212 1782 314 1822 exornat.
341 1772 403 1820 Scias
418 1772 496 1834 ipsum
513 1771 619 1835 plurimis
637 1773 759 1822 virtutibus

91 1837 218 1898 abundare,
228 1838 270 1903 qui
280 1837 366 1885 alienas
376 1836 408 1884 sic
418 1843 488 1884 amen
504 1835 619 1892 Redditus
625 1842 659 1882 est
669 1834 699 1883 L
707 1838 759 1900 Syl-

90 1902 147 1952 lano
155 1901 246 1951 debitus
259 1902 341 1960 honor,
354 1902 420 1962 cujus
434 1898 601 1949 immortalitati
614 1899 696 1963 (lspito
706 1917 759 1964 pro-

90 1965 167 2030 spexit
176 1966 273 2030 pariter,
287 1973 310 2014 et
322 1981 383 2012 suaer
401 1980 476 2028 neque
489 1965 552 2012 enim
567 1964 642 2027 magis
651 1964 758 2015 deoomm

89 2039 115 2080 et
124 2030 214 2094 insigne
223 2040 264 2086 est,
274 2028 406 2096 statuamin
414 2029 463 2078 foro
470 2028 552 2094 populi
559 2028 758 2090 Romsnihebem,

90 2109 164 2160 quam
174 2110 265 2159 ponere.
281 2095 348 2146 vere
367 2097 371 2102 ’

127 2287 202 2355 (18.)
219 2291 248 2340 C.
260 2290 357 2338 Plinius
368 2289 479 2337 Suetonio
493 2289 631 2349 Tranquillo
641 2303 683 2336 tuo
693 2291 720 2338 S.

122 2417 217 2479 Scribis,
228 2427 259 2475 te,
270 2417 415 2482 perterritum
426 2416 523 2475 somnio,
534 2417 606 2464 vereri
616 2417 710 2481 nequid
718 2419 759 2466 od·
845 2434 847 2439 ·

88 2482 150 2535 versi
159 2483 185 2530 in
191 2481 383 2546 sctioncpatisris
400 2482 487 2544 Rogas,
498 2489 525 2528 ut
532 2480 665 2528 diletionm
671 2491 757 2544 petam,

88 2556 114 2597 et
123 2549 235 2612 pauculos
245 2547 302 2608 dics,
310 2555 370 2595 certe
377 2546 517 2610 proximum,
527 2560 641 2594 excusem
657 2545 758 2596 Difficile

89 2620 140 2671 ατς
153 2611 193 2661 sed
203 2612 320 2676 experiar:

147 2733 526 2804 v...0...t-estestyopr’oropes
538 2751 660 2798 Διοςιστιν.

90 2869 174 2919 Refert
183 2877 270 2931 tamen,
280 2877 390 2918 eventura
398 2871 469 2918 soless
479 2883 509 2916 an
519 2869 631 2917 wntrrtris
638 2869 759 2918 somniare·

91 2934 166 2996 Mihi,
176 2935 292 2998 reputanti
302 2934 418 2982 somnium
428 2948 517 2992 meum,
533 2932 604 2993 istud,
619 2933 683 2996 quod
692 2933 759 2980 times

91 3010 128 3063 tu,
143 3000 259 3065 egregiam
274 2999 385 3050 sotionem
401 2997 534 3062 portendere
549 2997 646 3047 videtur·
679 2997 759 3046 Susce-
