1718 3344
99 477 103 485 ’
220 499 665 559 ru1u1rrnueornrcus.7o.
731 508 779 554 aas

111 632 159 679 tis?
176 632 218 678 An
228 632 292 680 aliud
307 649 321 681 s
337 641 368 691 te,
386 647 457 695 quam
470 634 565 680 senatis
576 633 708 692 reverentia,
720 634 779 681 obti-

109 696 213 754 nuit„ut
220 696 344 756 juvenibus
360 696 490 744 ὼιίεείωω
499 697 574 759 gentis
584 697 688 744 debitum
698 698 776 760 generi

108 759 227 818 honorem,
239 760 278 807 sed
286 769 410 823 antequam
418 760 545 821 deberetur,
554 760 660 808 offerres?
669 758 777 809 Tandem

109 839 164 885 crgo
189 824 295 871 nobilitas
318 839 365 871 nou
386 827 528 883 obscuratur,
551 825 591 872 sed
609 823 737 873 illustratur
762 841 777 872 a

109 887 230 950 Principe:
243 888 336 935 mndem
350 888 401 936 illos
415 888 544 951 ingentium
559 888 660 936 virorum
674 897 775 951 nepotes,

107 951 160 999 illos
170 960 271 1014 posteros
280 952 404 1011 libertatis,
414 967 455 1000 nec
465 960 533 1000 terret
544 952 628 1012 Cesar,
639 967 681 1000 nec
691 962 774 1015 pavet:

107 1016 243 1077 quinimmo
251 1016 490 1064 festmatishonoribus
496 1017 692 1080 amplificatatque
698 1025 775 1078 auget,

108 1088 131 1126 et
141 1072 266 1140 maljoribus
277 1080 324 1127 suis
335 1080 415 1128 reddit.
436 1080 462 1129 si
472 1081 529 1144 quid
539 1096 638 1144 usquam
649 1080 726 1144 stirpis
733 1095 775 1127 an·

107 1143 187 1206 tique,
206 1144 226 1192 si
242 1144 299 1207 quid
314 1144 411 1192 residuae
425 1145 550 1202 claritatis3
567 1145 610 1192 hoc
620 1145 774 1208 amplexatur,

107 1218 130 1254 et
141 1208 240 1266 refovet,¹
252 1216 275 1255 et
291 1208 316 1255 in
332 1223 401 1255 usum
411 1208 542 1271 reipublicae
559 1209 652 1272 promit.
679 1209 774 1258 Suntin

104 1271 331 1328 ,honorehominum
349 1280 372 1319 et
389 1273 414 1320 in
431 1270 538 1338 [honore]
549 1273 626 1334 famae,
638 1287 775 1336 magnano-

106 1336 171 1385 mina
190 1352 219 1384 ex
235 1337 334 1384 tenebris
354 1336 482 1395 oblivionis,
504 1337 648 1400 indulgentis.
668 1337 774 1396 Caesaris,

106 1401 174 1460 cujus
184 1409 226 1459 est,
238 1408 265 1446 ut
275 1401 362 1448 nobiles
373 1413 395 1448 et
405 1409 520 1448 conservet
530 1409 553 1448 et
564 1401 652 1450 efficiat.

77 1511 78 1514 ,
139 1467 206 1522 (70.)
225 1463 350 1512 Praefuerat
361 1465 483 1527 provincie
497 1473 595 1528 quaestor
610 1481 670 1513 unus
680 1481 709 1513 ex
720 1481 773 1514 can-
852 1492 853 1498 κ

104 1527 198 1587 dicistis,
213 1529 284 1592 inque
299 1529 327 1576 ei
341 1528 437 1576 civitatis
448 1527 595 1591 amplissime
609 1529 695 1576 reditus
709 1545 773 1592 egres

103 1591 145 1654 gii
159 1592 319 1640 constitutione
337 1591 481 1640 fundaverat.
506 1592 559 1640 Hoc
572 1593 660 1642 senatui
670 1594 772 1656 allegan-

104 1656 163 1704 dum
180 1657 274 1719 putasti.
302 1657 350 1704 Gur
365 1656 435 1714 enim,
455 1665 477 1704 te
493 1656 608 1720 Principe,
625 1657 667 1719 qui
683 1657 771 1719 generis

104 1721 141 1766 tui
158 1721 284 1768 claritatem
300 1720 384 1768 virtute
397 1720 518 1783 superasti,
535 1720 630 1768 deterior
646 1730 704 1768 esset
718 1736 772 1768 con-

102 1784 162 1844 ditio
178 1800 258 1832 eorum
275 1785 316 1848 qui
332 1793 433 1848 posteros
448 1785 531 1832 habere
553 1785 640 1832 nobiles
656 1799 771 1832 mereren-

104 1857 151 1908 tur,
169 1864 240 1912 quam
254 1865 333 1897 eorum
349 1849 390 1912 qui
413 1858 517 1911 parentes
532 1849 682 1896 habuissent?
706 1848 730 1897 0
749 1857 772 1897 te

103 1913 210 1987 dignum,
230 1914 270 1976 qui
286 1914 315 1960 de
330 1913 499 1975 magistratibus
515 1912 598 1960 nostris
616 1928 704 1976 semper
720 1912 770 1986 hac

102 1986 256 2089 blitiri
261 1994 281 2089 1¹²
282 1978 396 2090 thil
396 1992 462 2088 ⁰3¹?
458 1976 582 2102 ridell,
583 1992 769 2104 ‘’fflrtttlh:

102 2120 153 2152 mos
163 2105 193 2152 ad
203 2106 368 2166 aemulandum,
381 2105 443 2168 quod
452 2105 541 2153 laudari
552 2105 642 2154 videbat
650 2105 658 2152 ι’
673 2121 715 2153 nec
724 2104 770 2152 fuit

101 2169 234 2233 quisquam,
250 2185 322 2233 ,quem
339 2185 385 2218 non
404 2170 453 2218 haec
475 2170 580 2232 cogitatio
601 2170 695 2228 subiret,
715 2184 769 2217 cum

102 2234 176 2293 sciret,
196 2233 309 2297 quidquid
323 2251 338 2282 a
354 2249 446 2297 quoque
456 2234 480 2280 in
491 2233 612 2297 provinciis
627 2237 685 2282 bene
695 2232 767 2291 fieret,

101 2298 180 2345 omnia
190 2306 213 2346 te
220 2298 282 2346 scire.
305 2298 370 2346 Utile
380 2307 421 2357 est,
433 2298 518 2356 Caesar,
529 2305 552 2344 et
562 2298 659 2345 salutare
669 2296 769 2359 praesidi·

101 2365 145 2410 bus
155 2362 331 2424 provinciarum,
348 2362 408 2410 hane
421 2361 504 2409 habere
519 2361 643 2408 fiduciam:
660 2368 768 2423 paratum

100 2441 150 2473 esse
160 2426 281 2484 sanctitati,
296 2425 414 2474 industria
424 2441 482 2485 sure,
490 2425 620 2472 maximum
634 2424 768 2487 praemium,

98 2489 213 2550 judicium
232 2490 354 2553 Principis,
374 2489 509 2553 suffragium
528 2488 647 2552 Principis.
662 2487 664 2496 ’
679 2487 767 2537 Adhuc

100 2561 178 2601 autem
189 2554 315 2618 quamlibet
329 2554 414 2602 sincera
430 2562 535 2617 rectaque
550 2553 650 2616 ingenia,
666 2553 709 2601 etsi
719 2541 781 2600 noux

99 2617 257 2680 detorquebat,
265 2618 387 2666 hebetabat
396 2627 473 2665 tamen
483 2617 574 2676 misera,
586 2617 625 2665 sed
636 2633 689 2669 vera
698 2633 767 2680 repu-
851 2662 856 2676 x

100 2682 164 2729 tatio.
187 2682 260 2730 Vides
276 2681 353 2729 enim:
371 2684 389 2710 “
401 2682 426 2730 Si
442 2681 499 2745 quid
513 2685 571 2730 bene
585 2681 667 2741 fecero,
683 2681 767 2732 nesciet

100 2743 192 2802 Casan
215 2754 264 2804 aut,
284 2746 303 2794 si
322 2745 404 2803 scierit,
423 2745 580 2793 testimonium
598 2761 645 2793 non
663 2743 768 2792 reddet-‘⁹

100 2809 139 2858 Ita
149 2809 228 2858 eadem
238 2810 279 2857 illa
289 2826 329 2858 seu
339 2808 478 2872 negligentia
487 2825 527 2858 seu
537 2809 668 2872 malignitas
678 2807 768 2856 Princi-

99 2888 166 2937 pum,
178 2889 232 2922 cum
242 2874 303 2922 male
318 2872 426 2931 consultis
441 2872 612 2936 impunitatem,
627 2881 685 2920 recte
701 2871 769 2920 factis
851 2893 853 2895 ¹

98 2937 192 2984 nullum
201 2938 323 3001 praemium
363 2936 609 3000 thaumastum
617 2933 790 3000 asiptis-affl}

93 3001 138 3048 bos
155 3001 287 3054 deterrebat
304 3021 319 3054 a
362 3004 420 3055 ude.
446 3005 484 3055 At
502 3018 584 3061 nunc,
598 2999 700 3047 sibene
714 2992 811 3060 Qum

83 3064 234 3125 Provinciam
256 3073 361 3137 rexerit,
381 3072 447 3124 huic
467 3069 580 3138 quaesita
600 3063 697 3112 *dimid
716 3053 848 3112 ww*-
