1718 3344
196 483 317 538 futuit
335 485 588 536 rnunorlttcus.
604 489 628 539 d·
696 483 744 533 ³⁰8

76 609 217 676 alternisque
233 614 355 672 votinboee
362 617 451 679 satiat,
461 615 511 662 koec
520 615 610 676 audiat,
621 611 688 677 quasi
697 625 745 659 non

77 672 171 736 dicturi,
190 677 235 727 nisi
253 677 340 738 iecerit,
359 679 545 743 comprecamur!
573 677 613 727 Ad
644 692 686 724 uas
705 675 746 723 ille

78 753 155 799 voces,
169 741 275 806 lacrymis
289 744 359 792 etiam
373 759 400 792 ae
412 744 487 790 multo
500 742 588 806 pudore
644 739 746 789 unditus.

76 802 192 865 Agnoscit
202 807 264 857 enim
274 809 397 872 sentitque,
409 807 461 867 sibi,
471 822 518 855 non
529 807 640 870 Principi,
651 805 704 852 dici.

110 867 164 930 (3.)
181 871 258 933 Igitur
273 873 336 936 quod
351 881 559 935 temperamentum
574 885 654 918 omnes
670 868 747 926 inilln

76 932 155 980 subito
164 935 255 997 pietatis
265 937 339 984 calore
348 937 497 994 servavimus,
507 936 552 987 hoc
562 935 647 998 singuli
654 948 747 997 quoque

76 997 229 1073 meditatiqus
235 1008 354 1049 teneamus
362 1017 370 1056 ς
387 1001 540 1064 sciamusque,
548 1001 641 1048 nullum
651 1013 699 1047 esse
705 1012 747 1046 ne·

78 1077 127 1124 qne
136 1064 243 1114 uncerius
249 1080 324 1128 neque
331 1065 444 1128 acceptius
450 1079 523 1128 gauses
529 1064 664 1127 gratiamm,
675 1077 747 1126 quam

78 1125 143 1188 quod
152 1127 383 1178 illasscclnmationes
389 1130 519 1189 temulente,
531 1145 585 1192 quae
592 1127 694 1192 fingendi
700 1140 747 1175 nou

77 1189 166 1238 habent
175 1200 273 1257 tempus.
290 1193 413 1252 Quantum
423 1193 454 1240 ad
463 1209 502 1243 me
512 1194 618 1257 pertinet,
628 1193 747 1250 laborabo,

77 1262 107 1327 ut
114 1255 240 1311 orationem
249 1273 326 1304 meam
337 1258 367 1305 ad
376 1258 511 1307 modestiam
523 1257 636 1321 Principis
643 1256 748 1306 modera-

181 1335 211 1369 ue
220 1323 372 1397 submittam
382 1337 424 1371 nec
433 1323 514 1396 minus
522 1323 677 1397 considerabo,
689 1319 747 1385 quid

76 1519 180 1580 adum,
193 1528 241 1562 nnn
259 1525 308 1564 tam
326 1531 411 1576 reram,
429 1530 514 1564 neme
531 1516 556 1563 in
574 1515 681 1564 laudibus
700 1513 748 1563 suis

77 1590 185 1689 pacm
201 1594 273 1642 quam
291 1595 321 1628 ne
338 1580 438 1629 nimium
454 1587 527 1643 putat.
550 1579 609 1627 Haec
627 1594 666 1626 me
682 1593 747 1638 eura

141 1640 263 1692 difficultas
280 1644 328 1692 sola
344 1645 489 1693 circumdate
509 1659 565 1691 nam
579 1643 676 1691 merenti
693 1657 747 1705 ms·

20 1737 23 1740 -
78 1703 123 1753 tia
137 1721 212 1770 agere,
226 1707 293 1756 facile
305 1717 348 1768 est,
365 1709 446 1759 Patres
459 1708 596 1771 Conscripti.
610 1707 666 1755 Non
683 1706 747 1754 euim

121 1769 127 1781 '
167 1786 207 1819 um
215 1781 257 1829 est,
268 1787 306 1834 ne,
314 1788 368 1831 curn
378 1773 461 1836 loquar
468 1773 497 1820 de
504 1772 657 1829 humanitate,
665 1786 695 1820 ex
710 1785 750 1819 ros

95 1827 142 1909 tari
151 1835 195 1884 sibi
205 1837 335 1900 superbiam
342 1837 420 1887 credat
428 1854 436 1895 3
448 1853 501 1886 cum
509 1837 538 1885 de
545 1836 683 1900 frugalitate,
693 1787 711 1882 i

78 1913 173 1957 utram3
184 1915 239 1948 cram
249 1901 278 1950 de
288 1902 418 1956 dennuni,
428 1902 587 1950 crudelitatem
597 1919 606 1959 ,·
615 1915 670 1949 cum
680 1899 748 1948 deli·

78 1962 206 2024 beraliuta,
217 1967 353 2024 amritiam3
370 1981 424 2016 cum
438 1966 468 2015 de
476 1966 625 2029 benignitate,
636 1965 751 2023 livorerus

78 2042 135 2076 cum
144 2027 175 2076 de
184 2030 331 2091 continentis,
342 2031 479 2088 libidinem3
491 2047 545 2080 eum
555 2031 584 2079 de
593 2031 680 2089 labore,
688 2029 750 2079 ines·

79 2091 154 2149 tienne
177 2109 231 2143 eum
249 2095 279 2144 de
296 2095 438 2157 fortitudine,
453 2097 567 2144 timorem.
589 2096 629 2143 Ac
646 2109 676 2142 ne
689 2093 749 2143 illud

79 2155 176 2219 quidem
191 2173 278 2220 tueor,
295 2175 325 2208 na
342 2170 421 2224 gratus
437 2162 569 2224 ingratusne
582 2159 668 2218 videar,
679 2166 750 2223 prout

79 2220 135 2270 setis
148 2231 192 2271 sut
206 2239 290 2286 peram
306 2224 391 2274 dixero
410 2225 577 2274 Animaduerto
592 2224 663 2282 euim,
679 2223 749 2272 etism

79 2283 144 2334 Deos
153 2286 224 2350 ipsus,
239 2303 285 2336 uon
299 2297 348 2338 tam
358 2289 468 2338 accuratis
482 2288 626 2337 adorantium
633 2287 757 2363 precibus·

79 2364 152 2412 quam
167 2350 298 2402 mnocenat
310 2361 334 2401 et
348 2354 465 2402 uocitata
476 2352 564 2409 laatnri3
582 2359 751 2415 gratioremque

81 2413 217 2476 sxndmsri,
233 2416 275 2480 qui
295 2417 397 2466 delubris
417 2432 498 2466 eorum
516 2432 600 2481 puram
617 2423 752 2478 casumque

80 2487 193 2539 mentem,
204 2496 275 2545 quam
285 2482 327 2545 qui
338 2482 477 2530 meditatum
490 2496 591 2537 cannen,
602 2479 713 2528 intulerit.

98 2543 168 2657 X.)
179 2545 357 2608 Sedparendum
362 2542 717 2609 estsenatds-ccnsulto‚[quod‚]
724 2558 754 2592 ex

80 2624 99 2658 u
109 2607 115 2619 ”
127 2607 181 2657 ‘tate
188 2608 288 2672 publici,
296 2611 391 2674 placuit,
402 2619 438 2668 ut,
448 2611 547 2659 consulis
557 2625 620 2668 voce,
631 2611 676 2657 sub
686 2609 755 2657 titulo

79 2672 209 2736 grumum
219 2674 369 2737 agendarum,
380 2675 435 2723 boni
447 2673 573 2738 Principes,
581 2689 634 2738 que
644 2673 753 2731 tanmem,

81 2747 282 2800 recognoscerent3
300 2739 365 2798 mali,
377 2738 635 2802 quafaceredeberent
651 2737 681 2785 ld
690 2751 754 2784 nunc

82 2816 111 2848 ao
122 2795 198 2865 magis
211 2803 312 2852 sollenne
327 2819 353 2852 se
366 2803 519 2851 necessarmm
532 2810 575 2860 cst,
592 2802 655 2866 quod
671 2814 755 2864 parens

81 2872 160 2914 nomer
169 2865 269 2930 privstas
278 2868 405 2930 gratiarum
415 2868 514 2915 actiones
523 2866 613 2915 cohibet
623 2874 647 2914 et
656 2864 755 2927 compri-

83 2928 141 2988 mite
156 2930 319 2980 intercessurus
329 2933 399 2980 etiam
408 2930 551 2997 publiciani
561 2925 770 2994 permutauit*

81 3001 164 3060 amre,
176 2995 239 3058 quod
249 3006 346 3050 amaus
354 2999 457 3063 iuberet·
471 2986 787 3059 utrumquem&
