1718 3344
228 117 277 163 242
387 112 501 165 ΡῙιΙΝΙΙ
523 110 632 161 amsa.
651 112 702 162 IX.
717 114 763 163 32

228 244 346 307 corripere
356 243 416 291 Sunt
422 241 515 305 ingenio
522 240 602 299 simili,
610 241 661 305 qui,
669 242 737 306 quod
747 243 808 293 huic
821 268 856 288 aa.

230 310 338 356 auferunt
348 308 392 366 illi,
408 307 543 369 funemque
552 305 699 355 liberalitatis
709 308 813 359 avaritiis
830 335 835 353 .
845 334 848 337 ,

231 373 339 420 Primum
355 381 389 420 est
404 380 490 424 autem,
508 385 551 417 suo
565 385 615 419 esse
635 380 779 421 contentum
789 392 797 423 z
826 397 831 415 ·
842 376 857 415 -J

231 453 289 501 quos
307 437 421 500 praecipue
438 434 495 483 scias
510 434 621 496 indigere,
641 444 819 487 sustentantem
832 440 858 487 to

232 512 335 564 temque,
347 502 401 548 orbe
411 499 513 563 quodam
519 499 632 547 arietata
639 500 739 549 ambire.
758 503 826 562 Qun
837 527 855 545 t.

230 566 250 613 si
266 567 320 613 facit
336 566 387 623 iste,
399 578 565 627 usquequaque
576 562 710 613 laudandus
727 575 782 615 eotr
801 569 823 617 si
844 589 848 607 ·

230 630 333 692 aliquod,
344 630 421 676 minus
432 627 535 690 quidem,
545 627 677 677 laudandus
687 637 779 679 tamem
803 631 859 681 T»,

230 710 284 740 rum
293 704 327 741 est
337 694 406 741 etiam
416 691 555 755 imperfecte
564 690 711 740 liberalitatis
720 697 855 760 exernplar.

231 757 314 805 invasit
324 758 428 805 homines
443 755 542 803 habendi
553 756 647 818 cupido,
660 765 689 805 ut
698 759 818 823 possidm
835 784 848 802 tt

232 836 304 885 quam
314 822 436 886 possiden,
448 820 575 869 videantur.
591 818 659 868 Vale.

360 1012 429 1073 (31.)
448 1016 477 1062 C.
489 1015 587 1065 Plinius
598 1016 675 1063 Sardo
686 1031 730 1063 suo
741 1017 772 1064 S.

265 1140 393 1206 Postquam
409 1159 424 1190 a
439 1152 463 1190 te
478 1142 567 1198 recessi,
582 1157 630 1190 non
640 1142 721 1191 minue
735 1151 829 1205 tetum,
845 1171 849 1189 ι

231 1223 286 1256 oum
300 1207 362 1271 apud
378 1216 409 1265 te,
425 1207 468 1254 tiri.
491 1207 551 1270 Legi
563 1206 625 1255 euim
641 1207 730 1255 utrum
741 1217 826 1268 tuum,
850 1235 859 1253 ..

231 1273 303 1321 tidem
315 1283 419 1336 repetens
427 1288 454 1319 aa
464 1269 566 1319 maxime
582 1276 638 1325 (non
652 1271 716 1319 euim
730 1275 847 1332 mentiar)

232 1338 262 1385 tle
269 1354 308 1386 me
314 1337 436 1400 scripsistis
448 1336 566 1400 inquibus
576 1335 670 1400 quidem
678 1338 832 1399 percopiosus

233 1401 313 1461 Quam
318 1403 401 1458 multa,
406 1416 477 1464 quam
483 1400 555 1455 varia,
560 1415 631 1464 quam
638 1414 684 1448 nou
691 1401 815 1451 sadanma
827 1425 843 1446 -.,
854 1427 857 1444 .

233 1482 275 1515 uec
282 1477 358 1515 tamen
367 1466 463 1522 diversa,
471 1464 564 1513 dixisti!
575 1464 682 1513 Laudem
688 1466 786 1527 pariter,
796 1475 821 1515 et
832 1490 839 1525 2

233 1546 301 1593 agam
311 1534 322 1578 i
339 1539 448 1578 neutrum
459 1530 514 1577 satis
523 1544 617 1592 possum
626 1546 633 1575 ι
651 1536 683 1586 et,
695 1530 716 1576 si
726 1544 832 1593 possem,
850 1556 856 1572 .

233 1610 290 1648 rem,
301 1610 331 1642 ne
341 1610 449 1656 arrogans
456 1602 522 1654 asset,
533 1596 563 1641 ob
571 1592 709 1652 solandam,
719 1597 750 1642 ob
758 1610 817 1656 quae
831 1619 835 1630 ⁴

233 1673 332 1719 agerem.
354 1659 435 1706 Unum
447 1658 506 1706 illud
517 1658 609 1716 addam,
620 1658 699 1705 omnia
709 1658 770 1705 mihi
782 1669 849 1708 tauto

233 1721 343 1769 dabiliora
353 1721 409 1781 visa,
420 1731 507 1785 quanto
515 1722 653 1784 jucundiora
663 1738 671 1779 ς
683 1730 750 1771 tanto
758 1724 846 1785 jucun

234 1795 320 1850 quanto
330 1786 481 1836 laudabiliora
488 1795 559 1835 erant·
575 1787 644 1835 Vale.

360 1979 429 2048 (32.)
449 1983 478 2030 C,
487 1982 588 2029 Plinius
600 1982 695 2028 Titiano
704 1997 748 2029 ruo
759 1984 786 2031 S.

267 2111 333 2168 Quid
349 2112 419 2174 agis?
436 2110 493 2174 quid
503 2118 595 2157 acturus
605 2112 650 2158 es?
668 2109 723 2185 Ipse
739 2111 814 2159 vitam
823 2113 859 2174 ju

234 2174 361 2233 dissimum,
378 2174 461 2233 idest,
481 2174 650 2233 otiosissimam,
667 2191 729 2223 vivo.
754 2176 814 2234 Quo
837 2201 848 2219 «ι

234 2238 330 2286 scribere
337 2238 449 2301 longiores
460 2239 566 2302 epistolas
573 2239 654 2298 nolim
664 2239 734 2287 velim
742 2241 839 2303 legerer
851 2243 857 2254 '

234 2311 354 2365 tamquam
364 2303 481 2359 delirams,
494 2303 537 2351 hoo
548 2312 668 2367 tamquam
679 2304 773 2351 otiosus.
797 2306 831 2353 Ν·
839 2328 844 2348 ι

234 2366 297 2415 euim
307 2375 348 2415 aut
355 2366 443 2431 pigrius
451 2367 560 2429 deliratis,
569 2376 611 2416 aut
620 2369 732 2417 curiosius
739 2369 827 2419 otiosis.
850 2376 857 2394 '
