1718 3344
226 489 341 539 PLINII
362 489 470 538 EPIST.
488 492 562 540 11.1.
693 497 726 544 29

55 634 96 668 rus
105 619 132 666 iu
142 619 261 667 oonsulrtu
277 619 380 682 Principi
395 617 490 682 gratius,
500 619 567 681 liber,
583 634 654 685 quem
669 622 728 672 forte

56 691 175 746 acceperet
184 683 338 747 grandiorem,
349 692 373 731 et
382 683 431 732 seui
442 691 465 730 et
472 684 550 744 utenti,
561 685 612 749 ipso
619 685 728 748 pondere,

56 749 151 812 elapsus
161 757 204 796 est.
226 748 299 796 Hune
311 747 369 796 (ium
379 747 526 811 consequitur
536 749 677 824 colligitque,
688 767 730 814 per

56 813 115 861 loeve
126 821 150 860 et
158 812 274 860 lubricum
284 812 445 876 perimatum
455 811 549 861 fallente
558 813 661 877 vestigio,
673 817 731 863 neei-

57 877 102 936 dit,
121 892 250 941 eorumque
268 877 344 940 fregit,
360 893 421 941 que,
440 892 524 940 parum
540 887 594 941 epte
611 879 729 938 oollocste,

56 941 185 989 reluctante
202 949 276 1001 utute,
293 942 354 989 mule
370 941 430 989 ooiit.
458 941 538 1002 Hujus
557 942 600 990 viri
617 944 732 1007 exsequioe

57 1019 173 1069 magnum
188 1013 348 1054 ornamentum
371 1004 482 1069 Prindpi
504 1019 617 1070 maguum
638 1009 731 1069 seculo,

57 1085 173 1132 magnum
184 1069 253 1118 etiem
259 1070 308 1118 foro
318 1079 341 1117 et
349 1069 448 1130 Rostris,
459 1070 593 1118 attulerunt.
610 1071 731 1121 Laudatus

57 1143 93 1182 est
108 1151 124 1182 e
133 1135 227 1182 oonsule
242 1134 349 1183 Cornelio
364 1134 463 1182 Tuuitor
480 1149 536 1182 uum
554 1135 592 1184 hie
609 1151 732 1199 supremus

57 1199 162 1248 felicitati
177 1200 227 1260 ejus
242 1200 350 1247 cumulus
365 1199 465 1258 emersit,
476 1199 582 1248 luudutor
592 1200 731 1264 eloquentis·

58 1263 140 1312 simus
166 1264 201 1312 Et
218 1264 258 1311 ille
274 1263 369 1327 quidem
385 1263 467 1326 plenus
482 1264 549 1312 annis
565 1264 630 1321 abiit,
649 1265 732 1328 plenus

58 1327 195 1387 honoribus,
212 1328 258 1376 illis
274 1328 344 1376 etium
360 1342 419 1389 quos
434 1328 560 1376 recusavitr
577 1329 644 1377 uobis
653 1338 732 1378 temen

59 1392 200 1456 quoermdus
217 1408 245 1441 ue
261 1392 424 1441 desiderandus
439 1401 481 1452 est,
498 1401 527 1440 ut
543 1394 662 1457 exemplar
677 1394 733 1444 vitu

58 1457 158 1522 priorisr
175 1457 235 1504 mihi
249 1472 303 1505 vero
318 1458 442 1521 precipue,
458 1457 500 1521 qui
516 1457 584 1506 illum
598 1472 644 1506 non
655 1460 731 1507 solum

58 1522 162 1586 publice,
181 1521 222 1570 sed
238 1520 308 1570 etiam
325 1522 443 1586 privtum,
461 1530 575 1585 quantum
592 1522 732 1583 admirabar,

59 1594 154 1635 tentum
167 1586 310 1650 diligebam
326 1587 439 1649 primum,
461 1586 524 1650 quod
542 1586 636 1650 utrique
652 1587 731 1635 eudem

59 1651 132 1714 regio,
143 1648 270 1715 municipio
280 1650 387 1708 finitima,
399 1650 448 1712 egri
458 1650 527 1698 etiem
537 1650 734 1714 pumenionesque

61 1716 205 1776 conjunctos
222 1724 340 1779 preterea,
351 1713 414 1777 quod
424 1714 472 1771 ille,
486 1722 549 1760 tutor
564 1713 622 1761 mihi
632 1714 733 1774 relicuus,

61 1779 171 1827 musetum
181 1781 281 1844 parentis
291 1778 404 1826 exhibuit
429 1778 468 1827 Sic
478 1777 626 1825 uendidetum
636 1792 675 1826 me
685 1779 733 1826 suf-

60 1843 137 1907 fragio
146 1843 251 1900 omuvit3
268 1841 340 1892 sicud
351 1857 430 1890 omnes
440 1842 537 1890 honores
548 1856 612 1890 meos
622 1857 652 1889 ex
662 1858 733 1891 senes-

62 1908 127 1957 sibus
141 1907 276 1967 occucurrit,
291 1922 345 1955 eum
359 1908 409 1968 jam
424 1906 514 1970 pridem
530 1906 643 1968 ejusmodi
653 1907 734 1956 officiis

60 1971 230 2029 renuntiisset3
248 1973 280 2021 sie
290 1971 330 2019 illo
343 1970 389 2031 die,
401 1987 448 2034 quo
464 1971 589 2019 ssoerdotes
605 1972 678 2020 solent
690 1988 734 2020 no·

61 2037 161 2098 minore,
183 2051 242 2100 quoe
260 2035 404 2100 dignissim
419 2035 543 2084 suendotio
560 2035 674 2097 judicant,
695 2052 734 2085 me

61 2116 154 2166 semper
170 2101 312 2149 nominabat.
339 2099 405 2159 Quin
422 2099 492 2148 etiem
510 2101 535 2148 in
551 2099 595 2148 huo
609 2101 734 2150 novissimi

62 2164 205 2224 yelenrdine,
216 2165 310 2223 veritus,
321 2179 350 2212 ne
361 2164 419 2212 forte
429 2164 489 2212 inter
498 2164 661 2228 quinqueviros
672 2182 734 2214 crou-

62 2239 136 2290 retur‚
153 2229 195 2292 qui
210 2229 342 2278 minuendis
355 2228 453 2292 publicis
463 2229 578 2277 sumtibus
594 2230 682 2290 judicio
700 2246 735 2278 se·

62 2296 132 2343 ustus
142 2293 349 2352 onustimebuntur,
366 2307 420 2340 eum
435 2292 471 2340 illi
480 2301 515 2341 tot
525 2293 595 2342 emiei
605 2308 670 2342 senes
680 2308 735 2343 oon·

63 2360 197 2423 nutumque
207 2366 358 2422 superessent,
371 2372 418 2415 me,
433 2357 504 2418 hujus
520 2358 602 2416 utens,
613 2373 735 2422 perquem

65 2431 221 2483 ammeta,
238 2421 315 2486 elegit,
330 2421 368 2469 his
399 2421 478 2469 uidem
488 2422 578 2473 verbine
596 2424 614 2452 “
625 2422 736 2471 Etiamsi

47 2487 142 2550 offiium
151 2487 270 2546 haberem,
282 2485 325 2534 tibi
334 2501 389 2534 mun
477 2484 493 2509 ’²
525 2486 738 2546 Quibusexuuusis

64 2565 156 2601 uooesse
171 2559 215 2610 est,
231 2559 353 2614 tamquam
366 2550 523 2612 immaturam,
537 2559 636 2600 mortem
652 2553 703 2614 ejus
712 2551 738 2599 in

64 2617 121 2664 sinu
129 2624 170 2664 tuo
180 2615 293 2672 defleume
304 2615 324 2664 si
334 2623 413 2663 tumen
423 2615 458 2662 fus
468 2624 502 2664 est
512 2624 553 2663 eut
563 2616 624 2671 flere.
636 2627 678 2664 eut
687 2631 737 2663 om-

65 2680 122 2729 niuo
133 2684 331 2741 mortemvotere,
364 2679 653 2729 uituutivirimortulites
663 2680 738 2744 magis

66 2744 141 2805 finite,
152 2760 225 2809 quem
236 2744 283 2792 vite
293 2752 334 2792 est.
347 2695 423 2794 qVivit
433 2744 504 2804 euim,
515 2745 622 2810 vivetque
631 2760 737 2808 sennen

65 2819 137 2874 utque
148 2809 219 2858 etium
229 2808 299 2857 letius
310 2808 335 2856 in
348 2809 459 2858 memorii
468 2809 591 2858 hominum
602 2818 625 2858 et
635 2823 739 2858 sermone

67 2873 204 2934 versabitur,
219 2882 342 2938 postquem
355 2875 386 2922 eb
397 2873 471 2922 oculis
480 2875 579 2923 reooesit.
607 2873 682 2924 Volui
696 2872 739 2919 tibi

65 2939 143 2989 multu
156 2939 203 2988 eliu
218 2939 329 2987 seribere:
346 2938 387 2986 sed
402 2945 463 2986 totus
481 2939 573 2986 unimus
588 2938 613 2985 in
629 2939 673 2986 huo
691 2936 739 2983 unis

66 3003 260 3069 contemplatione
269 3002 359 3054 defluus
369 3011 411 3053 est.
427 3003 567 3066 Verginium
576 3003 664 3117 ωὲἰως
680 2999 743 3050 Ver·

569 3082 590 3119 D
602 3069 609 3086 1
