1718 3344
246 378 259 391 Ι.

204 517 316 569 ΡῙιῙΝΙΙ
341 517 449 567 nmen
466 517 541 567 vnl.
559 519 583 567 ΰ.
684 521 730 570 19⁹

56 649 170 715 publice,
180 648 264 697 credre
291 646 481 723 Adstruiturbia
497 649 580 721 “cum
591 648 679 696 senatui
688 664 730 722 po:

56 843 159 906 fimique
169 841 267 890 custodis
277 840 440 904 principalium
450 855 521 903 opum
532 839 650 888 facultates
660 841 729 901 adju·

56 922 114 956 rare
132 905 295 969 mntingeret”
328 904 381 951 Hoc
397 913 453 952 tunc
471 912 551 952 votum
568 907 667 962 senatis,
685 905 729 951 hoc

56 969 202 1035 praecipuum
212 969 324 1032 gaudium
332 967 421 1031 populi,
432 968 481 1015 haec
488 968 628 1016 liberalitatis
633 968 729 1016 materia

57 1033 197 1098 gratissima,
213 1034 232 1081 si
249 1033 360 1080 Pallantis
371 1032 491 1080 facultates
500 1032 610 1093 adjuvare
623 1033 727 1095 publica·

58 1113 115 1210 31¹¹}
123 1096 728 1224 ‘l'ffisslieinilliii'oeiffleqliniiluii

567 1193 573 1218 t

59 1226 141 1274 mario
157 1225 286 1274 sestertium
302 1223 385 1272 centies
409 1225 576 1287 quinquagies3
593 1233 625 1284 et,
642 1235 729 1289 quanto

58 1292 91 1339 ab
101 1289 216 1352 ejusmodi
224 1288 387 1352 cupiditatibus
397 1288 503 1335 remotior
511 1290 559 1349 ejus
565 1288 728 1347 animmesset,

58 1363 127 1403 tanto
142 1352 268 1418 bnpmaius
285 1360 362 1416 petere
379 1352 502 1415 apublico
517 1361 619 1415 parente,
638 1361 665 1400 ut
675 1368 730 1401 eum

59 1418 208 1482 compelleret
222 1415 253 1464 ad
266 1415 393 1465 cedendum
404 1416 517 1464 senatui.”
540 1417 570 1464 Id
580 1432 633 1464 vero
643 1417 729 1477 deerat,

59 1491 88 1531 nt
98 1498 154 1531 cum
165 1482 271 1529 Pallante
280 1480 412 1528 auctoritate
424 1480 518 1543 publici.
528 1489 640 1542 ageretur,
653 1482 731 1529 Pallas

58 1554 188 1610 rogaretur,
207 1552 234 1592 ut
252 1544 341 1593 senatui
359 1544 456 1602 cederet,
475 1552 502 1590 ut
518 1544 553 1590 illi
563 1545 731 1608 superbissimas

58 1609 204 1660 abstinentiae
214 1609 291 1657 Caesar
300 1609 349 1672 ipse
359 1607 481 1655 advocatus
488 1616 554 1664 esset,
565 1623 594 1655 ne
601 1610 730 1657 sestertium

58 1675 145 1725 candes
155 1673 307 1739 quinquagies
323 1680 444 1735 sperneret.
467 1671 570 1733 Sprevit;
582 1672 644 1734 quod
654 1673 729 1720 solum

58 1738 146 1805 potuit,
157 1738 227 1786 tantis
236 1737 319 1800 opibus
334 1735 426 1799 publice
440 1734 530 1793 oblatis,
542 1735 684 1796 arrogantius
694 1736 730 1782 fa-

60 1818 122 1863 cere,
133 1801 234 1866 quamsi
244 1801 372 1863 accepisset
402 1800 499 1848 Senatus
509 1808 586 1846 tamen
592 1799 617 1845 id
627 1814 728 1862 quoque,

60 1867 144 1916 amun
154 1865 267 1931 querenti,
283 1864 390 1913 laudibus
406 1863 469 1921 tulit,
486 1862 523 1910 his
534 1863 628 1926 quidem
638 1863 728 1911 verbisr

62 1935 81 1963 ‘⁶
93 1930 149 1990 Sed,
162 1945 216 1978 cum
228 1930 336 1992 Princeps
349 1928 459 1992 optimus,
472 1942 599 1990 parensque
613 1927 728 1990 publicus,

60 2003 156 2059 rogatus
166 2010 181 2042 a
191 1993 304 2051 Pallante,
315 2007 367 2040 eam
376 2001 466 2056 partem
480 1993 604 2051 sententia,
615 2007 669 2054 quae
677 2007 731 2055 per-

60 2059 150 2109 tinebat
159 2057 190 2106 ad
199 2057 302 2106 dandum
319 2057 341 2105 ei
353 2072 382 2104 ex
397 2056 476 2104 aerario
486 2056 569 2104 centies
579 2055 730 2119 quinquagies

61 2123 201 2182 sestertium,
214 2121 300 2170 remitti
315 2121 439 2179 voluissem
456 2121 533 2168 testari
548 2129 662 2178 senatum,
673 2130 730 2168 etse

62 2188 161 2237 libenter
175 2201 202 2234 ac
216 2186 298 2234 merito
307 2185 368 2233 hanc
378 2201 494 2233 summam
503 2184 563 2232 inter
578 2185 678 2248 reliquos
688 2184 731 2232 ho·

62 2267 139 2310 nores,
156 2253 186 2299 ob
199 2250 270 2298 fidem
285 2249 481 2323 diligentiamque,
497 2249 597 2296 Pallanti
612 2249 731 2296 decernere

62 2317 171 2381 cepisse:
189 2314 301 2363 voluntati
317 2321 395 2361 tamen
404 2313 518 2376 Principis
528 2312 573 2371 sui,
583 2312 621 2359 cui
631 2312 656 2360 in
666 2312 733 2359 nulli

62 2396 89 2429 re
98 2380 135 2428 fas
144 2387 236 2443 putaret
245 2393 380 2440 repugnare,
390 2378 415 2424 in
424 2377 468 2425 hac
475 2392 567 2440 quoque
577 2392 602 2424 re
611 2376 732 2439 obsequi.''

64 2445 198 2506 imaginare
215 2442 345 2490 Pallantem
363 2443 427 2489 velut
444 2440 619 2488 intercedentem
630 2443 732 2489 serratus·

64 2509 178 2567 consents),
194 2507 396 2580 moderantemque
412 2505 508 2554 bonores
524 2519 592 2561 suos3
609 2513 633 2552 et
653 2513 732 2551 sester-

65 2573 128 2623 tium
143 2571 227 2620 oenties
237 2571 396 2635 quinquagies,
414 2578 441 2617 ut
454 2569 563 2628 nimium,
580 2576 732 2626 recusantem,

64 2651 121 2687 cunr
129 2635 235 2700 prataria
244 2642 386 2692 ornamenta,
403 2642 522 2697 tamquam
532 2632 618 2693 minus,
635 2632 731 2696 recepis-

65 2708 108 2776 eet.
126 2701 257 2775 Imaginare
267 2698 389 2756 Caesarem,
399 2697 475 2746 liberti
485 2696 598 2760 precibus,
609 2696 646 2744 vel
656 2696 733 2771 potius

57 3021 191 3078 decernam
202 3029 227 3070 et
235 2989 445 3086 perseveratum
455 3022 534 3074 inisse
541 3037 578 3084 ae,
587 3017 641 3068 mei
648 3018 775 3073 obsequen
