<?xml version="1.0" encoding="UTF-8"?>
<!DOCTYPE html PUBLIC "-//W3C//DTD XHTML 1.0 Transitional//EN"
    "http://www.w3.org/TR/xhtml1/DTD/xhtml1-transitional.dtd">
<html xmlns="http://www.w3.org/1999/xhtml" xml:lang="en" lang="en">
 <head>
  <title>
</title>
<meta http-equiv="Content-Type" content="text/html;charset=utf-8" />
  <meta name='ocr-system' content='tesseract 3.04.00' />
  <meta name='ocr-capabilities' content='ocr_page ocr_carea ocr_par ocr_line ocrx_word'/>
</head>
<body>
  <div class='ocr_page' id='page_1' title='image "./cpliniicciliise00plingoog_0373.png"; bbox 0 0 1718 3344; ppageno 0'>
   <div class='ocr_carea' id='block_1_1' title="bbox 88 158 656 239">
    <p class='ocr_par' dir='ltr' id='par_1_1' title="bbox 88 158 656 239">
     <span class='ocr_line' id='line_1_1' title="bbox 88 158 656 239; baseline -0.007 -24"><span class='ocrx_word' id='word_1_1' title='bbox 88 168 138 215; x_wconf 73' lang='lat' dir='ltr'>stt</span> <span class='ocrx_word' id='word_1_2' title='bbox 185 160 317 239; x_wconf 32' lang='lat' dir='ltr'>&#39;PLlNll</span> <span class='ocrx_word' id='word_1_3' title='bbox 334 158 596 211; x_wconf 76' lang='lat' dir='ltr'><strong>PANEGYRIGUS.</strong></span> <span class='ocrx_word' id='word_1_4' title='bbox 614 164 656 213; x_wconf 72' lang='lat' dir='ltr'>«lo.</span> 
     </span>
    </p>
   </div>
   <div class='ocr_carea' id='block_1_2' title="bbox 39 288 776 2719">
    <p class='ocr_par' dir='ltr' id='par_1_2' title="bbox 39 288 776 2719">
     <span class='ocr_line' id='line_1_2' title="bbox 90 288 764 357; baseline 0.009 -15"><span class='ocrx_word' id='word_1_5' title='bbox 90 294 167 353; x_wconf 85' lang='lat' dir='ltr'>toniti,</span> <span class='ocrx_word' id='word_1_6' title='bbox 178 308 220 342; x_wconf 86' lang='lat' dir='ltr'>nee</span> <span class='ocrx_word' id='word_1_7' title='bbox 234 301 263 341; x_wconf 86' lang='lat' dir='ltr'>ut</span> <span class='ocrx_word' id='word_1_8' title='bbox 273 289 402 357; x_wconf 75' lang='lat' dir='ltr'>periodum</span> <span class='ocrx_word' id='word_1_9' title='bbox 412 288 494 352; x_wconf 79' lang='lat' dir='ltr'>ospiu&#39;s</span> <span class='ocrx_word' id='word_1_10' title='bbox 502 288 591 338; x_wconf 67' lang='lat' dir='ltr'>adituri</span> <span class='ocrx_word' id='word_1_11' title='bbox 599 291 719 348; x_wconf 58' lang='lat' dir='ltr'>tardiffles</span> <span class='ocrx_word' id='word_1_12' title='bbox 729 290 764 340; x_wconf 62' lang='lat' dir='ltr'>tul</span> 
     </span>
     <span class='ocr_line' id='line_1_3' title="bbox 90 353 765 415; baseline 0.001 -10"><span class='ocrx_word' id='word_1_13' title='bbox 90 358 164 406; x_wconf 85' lang='lat' dir='ltr'>securi</span> <span class='ocrx_word' id='word_1_14' title='bbox 180 358 304 415; x_wconf 83' lang='lat' dir='ltr'>ethilares,</span> <span class='ocrx_word' id='word_1_15' title='bbox 319 369 374 402; x_wconf 87' lang='lat' dir='ltr'>eum</span> <span class='ocrx_word' id='word_1_16' title='bbox 383 353 533 401; x_wconf 80' lang='lat' dir='ltr'>commodum</span> <span class='ocrx_word' id='word_1_17' title='bbox 548 364 593 412; x_wconf 82' lang='lat' dir='ltr'>est,</span> <span class='ocrx_word' id='word_1_18' title='bbox 608 357 765 405; x_wconf 77' lang='lat' dir='ltr'>eonvenimue</span> 
     </span>
     <span class='ocr_line' id='line_1_4' title="bbox 92 414 763 485; baseline -0.001 -15"><span class='ocrx_word' id='word_1_19' title='bbox 92 423 135 480; x_wconf 87' lang='lat' dir='ltr'>Et,</span> <span class='ocrx_word' id='word_1_20' title='bbox 142 423 278 469; x_wconf 79' lang='lat' dir='ltr'>admittente</span> <span class='ocrx_word' id='word_1_21' title='bbox 289 414 409 480; x_wconf 77' lang='lat' dir='ltr'>Principe,</span> <span class='ocrx_word' id='word_1_22' title='bbox 417 417 535 465; x_wconf 85' lang='lat' dir='ltr'>interdum</span> <span class='ocrx_word' id='word_1_23' title='bbox 542 428 577 466; x_wconf 89' lang='lat' dir='ltr'>est</span> <span class='ocrx_word' id='word_1_24' title='bbox 588 419 694 483; x_wconf 87' lang='lat' dir='ltr'>aliquid,</span> <span class='ocrx_word' id='word_1_25' title='bbox 705 420 763 485; x_wconf 90' lang='lat' dir='ltr'>quod</span> 
     </span>
     <span class='ocr_line' id='line_1_5' title="bbox 93 482 767 549; baseline 0 -15"><span class='ocrx_word' id='word_1_26' title='bbox 93 501 136 534; x_wconf 88' lang='lat' dir='ltr'>nos</span> <span class='ocrx_word' id='word_1_27' title='bbox 143 486 216 540; x_wconf 86' lang='lat' dir='ltr'>domi,</span> <span class='ocrx_word' id='word_1_28' title='bbox 225 484 291 549; x_wconf 82' lang='lat' dir='ltr'>quasi</span> <span class='ocrx_word' id='word_1_29' title='bbox 300 482 376 545; x_wconf 80' lang='lat' dir='ltr'>magis</span> <span class='ocrx_word' id='word_1_30' title='bbox 385 482 547 541; x_wconf 60' lang='lat' dir='ltr'>necesarium,</span> <span class='ocrx_word' id='word_1_31' title='bbox 555 492 637 541; x_wconf 85' lang='lat' dir='ltr'>teneat</span> <span class='ocrx_word' id='word_1_32' title='bbox 645 502 653 531; x_wconf 73' lang='grc' dir='ltr'>ι</span> <span class='ocrx_word' id='word_1_33' title='bbox 666 484 767 534; x_wconf 81' lang='lat' dir='ltr'>excusati</span> 
     </span>
     <span class='ocr_line' id='line_1_6' title="bbox 91 547 766 613; baseline 0 -16"><span class='ocrx_word' id='word_1_34' title='bbox 91 550 237 613; x_wconf 90' lang='lat' dir='ltr'>sempertibi,</span> <span class='ocrx_word' id='word_1_35' title='bbox 245 563 288 596; x_wconf 85' lang='lat' dir='ltr'>uec</span> <span class='ocrx_word' id='word_1_36' title='bbox 295 560 399 610; x_wconf 84' lang='lat' dir='ltr'>unquam</span> <span class='ocrx_word' id='word_1_37' title='bbox 406 547 531 594; x_wconf 85' lang='lat' dir='ltr'>excusandi</span> <span class='ocrx_word' id='word_1_38' title='bbox 539 562 631 595; x_wconf 89' lang='lat' dir='ltr'>sumus.</span> <span class='ocrx_word' id='word_1_39' title='bbox 649 550 766 597; x_wconf 86' lang='lat' dir='ltr'>Seiseuiru</span> 
     </span>
     <span class='ocr_line' id='line_1_7' title="bbox 92 610 766 677; baseline 0 -16"><span class='ocrx_word' id='word_1_40' title='bbox 92 614 137 661; x_wconf 87' lang='lat' dir='ltr'>sibi</span> <span class='ocrx_word' id='word_1_41' title='bbox 147 628 264 677; x_wconf 84' lang='lat' dir='ltr'>quemque</span> <span class='ocrx_word' id='word_1_42' title='bbox 273 620 387 675; x_wconf 74' lang='lat' dir='ltr'>prestare,</span> <span class='ocrx_word' id='word_1_43' title='bbox 402 610 466 673; x_wconf 89' lang='lat' dir='ltr'>quod</span> <span class='ocrx_word' id='word_1_44' title='bbox 477 619 500 657; x_wconf 90' lang='lat' dir='ltr'>te</span> <span class='ocrx_word' id='word_1_45' title='bbox 510 610 596 669; x_wconf 83' lang='lat' dir='ltr'>videet,</span> <span class='ocrx_word' id='word_1_46' title='bbox 608 613 677 675; x_wconf 91' lang='lat' dir='ltr'>quod</span> <span class='ocrx_word' id='word_1_47' title='bbox 688 622 712 661; x_wconf 81' lang='lat' dir='ltr'>te</span> <span class='ocrx_word' id='word_1_48' title='bbox 724 614 766 661; x_wconf 79' lang='lat' dir='ltr'>fre·</span> 
     </span>
     <span class='ocr_line' id='line_1_8' title="bbox 92 674 767 740; baseline 0 -16"><span class='ocrx_word' id='word_1_49' title='bbox 92 686 202 740; x_wconf 88' lang='lat' dir='ltr'>quentet:</span> <span class='ocrx_word' id='word_1_50' title='bbox 226 692 253 724; x_wconf 91' lang='lat' dir='ltr'>ac</span> <span class='ocrx_word' id='word_1_51' title='bbox 266 684 332 723; x_wconf 87' lang='lat' dir='ltr'>tauto</span> <span class='ocrx_word' id='word_1_52' title='bbox 346 675 464 722; x_wconf 76' lang='lat' dir='ltr'>liberalius</span> <span class='ocrx_word' id='word_1_53' title='bbox 481 690 508 721; x_wconf 81' lang='lat' dir='ltr'>ae</span> <span class='ocrx_word' id='word_1_54' title='bbox 528 674 619 722; x_wconf 84' lang='lat' dir='ltr'>diutius</span> <span class='ocrx_word' id='word_1_55' title='bbox 641 676 767 740; x_wconf 79' lang='lat' dir='ltr'>voluptatis</span> 
     </span>
     <span class='ocr_line' id='line_1_9' title="bbox 92 739 767 804; baseline 0.004 -17"><span class='ocrx_word' id='word_1_56' title='bbox 92 741 163 801; x_wconf 88' lang='lat' dir='ltr'>hujus</span> <span class='ocrx_word' id='word_1_57' title='bbox 173 740 263 803; x_wconf 82' lang='lat' dir='ltr'>copiam</span> <span class='ocrx_word' id='word_1_58' title='bbox 275 742 370 802; x_wconf 69' lang='lat' dir='ltr'>prebes.</span> <span class='ocrx_word' id='word_1_59' title='bbox 390 739 441 786; x_wconf 85' lang='lat' dir='ltr'>Nec</span> <span class='ocrx_word' id='word_1_60' title='bbox 450 739 600 787; x_wconf 84' lang='lat' dir='ltr'>salutationes</span> <span class='ocrx_word' id='word_1_61' title='bbox 610 747 667 788; x_wconf 86' lang='lat' dir='ltr'>tuas</span> <span class='ocrx_word' id='word_1_62' title='bbox 677 740 736 804; x_wconf 80' lang='lat' dir='ltr'>fuga</span> <span class='ocrx_word' id='word_1_63' title='bbox 744 750 767 790; x_wconf 87' lang='lat' dir='ltr'>et</span> 
     </span>
     <span class='ocr_line' id='line_1_10' title="bbox 91 802 767 865; baseline 0.003 -14"><span class='ocrx_word' id='word_1_64' title='bbox 91 805 185 852; x_wconf 80' lang='lat' dir='ltr'>vastitas</span> <span class='ocrx_word' id='word_1_65' title='bbox 195 805 305 865; x_wconf 85' lang='lat' dir='ltr'>sequitur.</span> <span class='ocrx_word' id='word_1_66' title='bbox 321 804 482 859; x_wconf 56' lang='lat' dir='ltr'>Remoramne</span> <span class='ocrx_word' id='word_1_67' title='bbox 489 802 627 855; x_wconf 85' lang='lat' dir='ltr'>resistimus.</span> <span class='ocrx_word' id='word_1_68' title='bbox 635 812 664 852; x_wconf 89' lang='lat' dir='ltr'>ut</span> <span class='ocrx_word' id='word_1_69' title='bbox 674 805 767 853; x_wconf 84' lang='lat' dir='ltr'>ineam·</span> 
     </span>
     <span class='ocr_line' id='line_1_11' title="bbox 92 865 766 930; baseline 0.006 -17"><span class='ocrx_word' id='word_1_70' title='bbox 92 866 159 914; x_wconf 91' lang='lat' dir='ltr'>muni</span> <span class='ocrx_word' id='word_1_71' title='bbox 172 866 249 924; x_wconf 89' lang='lat' dir='ltr'>domo,</span> <span class='ocrx_word' id='word_1_72' title='bbox 264 882 335 930; x_wconf 88' lang='lat' dir='ltr'>quam</span> <span class='ocrx_word' id='word_1_73' title='bbox 357 882 430 929; x_wconf 82' lang='lat' dir='ltr'>nuper</span> <span class='ocrx_word' id='word_1_74' title='bbox 445 866 486 913; x_wconf 86' lang='lat' dir='ltr'>illu</span> <span class='ocrx_word' id='word_1_75' title='bbox 500 865 675 915; x_wconf 75' lang='lat' dir='ltr'>humanissima</span> <span class='ocrx_word' id='word_1_76' title='bbox 690 870 766 917; x_wconf 85' lang='lat' dir='ltr'>bellua</span> 
     </span>
     <span class='ocr_line' id='line_1_12' title="bbox 92 930 765 996; baseline 0.006 -19"><span class='ocrx_word' id='word_1_77' title='bbox 92 930 193 993; x_wconf 89' lang='lat' dir='ltr'>plurimo</span> <span class='ocrx_word' id='word_1_78' title='bbox 199 939 283 979; x_wconf 80' lang='lat' dir='ltr'>terrore</span> <span class='ocrx_word' id='word_1_79' title='bbox 289 930 421 987; x_wconf 78' lang='lat' dir='ltr'>munierat3</span> <span class='ocrx_word' id='word_1_80' title='bbox 432 945 494 987; x_wconf 83' lang='lat' dir='ltr'>cum,</span> <span class='ocrx_word' id='word_1_81' title='bbox 506 931 571 978; x_wconf 84' lang='lat' dir='ltr'>velut</span> <span class='ocrx_word' id='word_1_82' title='bbox 581 932 688 994; x_wconf 85' lang='lat' dir='ltr'>quodam</span> <span class='ocrx_word' id='word_1_83' title='bbox 697 948 765 996; x_wconf 79' lang='lat' dir='ltr'>spem</span> 
     </span>
     <span class='ocr_line' id='line_1_13' title="bbox 92 994 764 1059; baseline 0.001 -17"><span class='ocrx_word' id='word_1_84' title='bbox 92 995 188 1052; x_wconf 86' lang='lat' dir='ltr'>inclusa,</span> <span class='ocrx_word' id='word_1_85' title='bbox 207 1009 269 1044; x_wconf 91' lang='lat' dir='ltr'>nune</span> <span class='ocrx_word' id='word_1_86' title='bbox 284 996 467 1059; x_wconf 89' lang='lat' dir='ltr'>propinquorum</span> <span class='ocrx_word' id='word_1_87' title='bbox 487 994 627 1057; x_wconf 81' lang='lat' dir='ltr'>sanguinem</span> <span class='ocrx_word' id='word_1_88' title='bbox 643 997 764 1057; x_wconf 85' lang='lat' dir='ltr'>lamberet,</span> 
     </span>
     <span class='ocr_line' id='line_1_14' title="bbox 92 1058 766 1126; baseline 0.004 -20"><span class='ocrx_word' id='word_1_89' title='bbox 92 1073 155 1106; x_wconf 89' lang='lat' dir='ltr'>nunc</span> <span class='ocrx_word' id='word_1_90' title='bbox 165 1074 189 1107; x_wconf 89' lang='lat' dir='ltr'>se</span> <span class='ocrx_word' id='word_1_91' title='bbox 205 1059 235 1106; x_wconf 91' lang='lat' dir='ltr'>ad</span> <span class='ocrx_word' id='word_1_92' title='bbox 245 1059 422 1107; x_wconf 80' lang='lat' dir='ltr'>clarissimorum</span> <span class='ocrx_word' id='word_1_93' title='bbox 437 1058 523 1106; x_wconf 78' lang='lat' dir='ltr'>civium</span> <span class='ocrx_word' id='word_1_94' title='bbox 538 1067 627 1122; x_wconf 79' lang='lat' dir='ltr'>strages</span> <span class='ocrx_word' id='word_1_95' title='bbox 646 1060 766 1126; x_wconf 68' lang='lat' dir='ltr'>eaedoeque</span> 
     </span>
     <span class='ocr_line' id='line_1_15' title="bbox 92 1122 765 1186; baseline 0.007 -17"><span class='ocrx_word' id='word_1_96' title='bbox 92 1122 212 1186; x_wconf 78' lang='lat' dir='ltr'>proferret·</span> <span class='ocrx_word' id='word_1_97' title='bbox 227 1123 416 1172; x_wconf 76' lang='lat' dir='ltr'>obversabantur</span> <span class='ocrx_word' id='word_1_98' title='bbox 424 1122 512 1171; x_wconf 84' lang='lat' dir='ltr'>foribus</span> <span class='ocrx_word' id='word_1_99' title='bbox 521 1122 603 1171; x_wconf 79' lang='lat' dir='ltr'>homor</span> <span class='ocrx_word' id='word_1_100' title='bbox 613 1132 637 1171; x_wconf 90' lang='lat' dir='ltr'>et</span> <span class='ocrx_word' id='word_1_101' title='bbox 647 1125 728 1185; x_wconf 72' lang='lat' dir='ltr'>mina,</span> <span class='ocrx_word' id='word_1_102' title='bbox 742 1134 765 1174; x_wconf 89' lang='lat' dir='ltr'>et</span> 
     </span>
     <span class='ocr_line' id='line_1_16' title="bbox 92 1186 764 1250; baseline 0.007 -17"><span class='ocrx_word' id='word_1_103' title='bbox 92 1202 135 1250; x_wconf 93' lang='lat' dir='ltr'>par</span> <span class='ocrx_word' id='word_1_104' title='bbox 144 1196 220 1236; x_wconf 84' lang='lat' dir='ltr'>metus</span> <span class='ocrx_word' id='word_1_105' title='bbox 230 1188 334 1236; x_wconf 83' lang='lat' dir='ltr'>admissis</span> <span class='ocrx_word' id='word_1_106' title='bbox 342 1196 365 1235; x_wconf 86' lang='lat' dir='ltr'>et</span> <span class='ocrx_word' id='word_1_107' title='bbox 375 1186 478 1235; x_wconf 82' lang='lat' dir='ltr'>exclusis.</span> <span class='ocrx_word' id='word_1_108' title='bbox 496 1186 537 1234; x_wconf 86' lang='lat' dir='ltr'>Ad</span> <span class='ocrx_word' id='word_1_109' title='bbox 546 1186 598 1235; x_wconf 75' lang='lat' dir='ltr'>bec</span> <span class='ocrx_word' id='word_1_110' title='bbox 608 1188 660 1250; x_wconf 87' lang='lat' dir='ltr'>ipse</span> <span class='ocrx_word' id='word_1_111' title='bbox 670 1200 764 1238; x_wconf 74' lang='lat' dir='ltr'>aetum</span> 
     </span>
     <span class='ocr_line' id='line_1_17' title="bbox 93 1250 765 1381; baseline 0.003 -16"><span class='ocrx_word' id='word_1_112' title='bbox 93 1250 765 1381; x_wconf 53' lang='lat' dir='ltr'>mmmmfflm</span> 
     </span>
     <span class='ocr_line' id='line_1_18' title="bbox 518 1349 525 1373; baseline 0 0"><span class='ocrx_word' id='word_1_113' title='bbox 518 1349 525 1373; x_wconf 59' lang='grc' dir='ltr'><em>ἲ</em></span> 
     </span>
     <span class='ocr_line' id='line_1_19' title="bbox 93 1350 763 1442; baseline 0.003 -14"><span class='ocrx_word' id='word_1_114' title='bbox 93 1350 262 1429; x_wconf 66' lang='grc' dir='ltr'>ιιιιιΙῐοήὼοτε</span> <span class='ocrx_word' id='word_1_115' title='bbox 273 1381 365 1428; x_wconf 82' lang='lat' dir='ltr'>suffusa.</span> <span class='ocrx_word' id='word_1_116' title='bbox 388 1379 443 1427; x_wconf 90' lang='lat' dir='ltr'>Non</span> <span class='ocrx_word' id='word_1_117' title='bbox 454 1379 516 1426; x_wconf 78' lang='lat' dir='ltr'>edire</span> <span class='ocrx_word' id='word_1_118' title='bbox 526 1380 662 1442; x_wconf 86' lang='lat' dir='ltr'>quisquam,</span> <span class='ocrx_word' id='word_1_119' title='bbox 673 1396 721 1429; x_wconf 87' lang='lat' dir='ltr'>nou</span> <span class='ocrx_word' id='word_1_120' title='bbox 730 1382 763 1430; x_wconf 85' lang='lat' dir='ltr'>al-</span> 
     </span>
     <span class='ocr_line' id='line_1_20' title="bbox 92 1444 764 1518; baseline 0.007 -28"><span class='ocrx_word' id='word_1_121' title='bbox 92 1444 157 1508; x_wconf 90' lang='lat' dir='ltr'>loqui</span> <span class='ocrx_word' id='word_1_122' title='bbox 167 1446 274 1503; x_wconf 76' lang='lat' dir='ltr'>audebat,</span> <span class='ocrx_word' id='word_1_123' title='bbox 284 1447 387 1492; x_wconf 81' lang='lat' dir='ltr'>tenebras</span> <span class='ocrx_word' id='word_1_124' title='bbox 400 1459 489 1518; x_wconf 77' lang='lat' dir='ltr'>semper</span> <span class='ocrx_word' id='word_1_125' title='bbox 498 1452 660 1507; x_wconf 83' lang='lat' dir='ltr'>secretumque</span> <span class='ocrx_word' id='word_1_126' title='bbox 670 1456 764 1510; x_wconf 81' lang='lat' dir='ltr'>captan-</span> 
     </span>
     <span class='ocr_line' id='line_1_21' title="bbox 92 1508 763 1573; baseline 0.004 -17"><span class='ocrx_word' id='word_1_127' title='bbox 92 1518 148 1569; x_wconf 82' lang='lat' dir='ltr'>tem,</span> <span class='ocrx_word' id='word_1_128' title='bbox 160 1525 314 1573; x_wconf 87' lang='lat' dir='ltr'>necunquam</span> <span class='ocrx_word' id='word_1_129' title='bbox 325 1524 354 1556; x_wconf 86' lang='lat' dir='ltr'>ex</span> <span class='ocrx_word' id='word_1_130' title='bbox 364 1508 486 1556; x_wconf 74' lang='lat' dir='ltr'>solitudine</span> <span class='ocrx_word' id='word_1_131' title='bbox 495 1508 710 1571; x_wconf 71' lang='lat' dir='ltr'>subprodeuntem,</span> <span class='ocrx_word' id='word_1_132' title='bbox 720 1511 763 1559; x_wconf 87' lang='lat' dir='ltr'>nisi</span> 
     </span>
     <span class='ocr_line' id='line_1_22' title="bbox 91 1573 375 1621; baseline 0.004 -1"><span class='ocrx_word' id='word_1_133' title='bbox 91 1582 119 1620; x_wconf 91' lang='lat' dir='ltr'>ut</span> <span class='ocrx_word' id='word_1_134' title='bbox 129 1574 275 1621; x_wconf 80' lang='lat' dir='ltr'>solitudinem</span> <span class='ocrx_word' id='word_1_135' title='bbox 286 1573 375 1621; x_wconf 73' lang='lat' dir='ltr'>faceret.</span> 
     </span>
     <span class='ocr_line' id='line_1_23' title="bbox 39 1636 762 1748; baseline 0.003 -64"><span class='ocrx_word' id='word_1_136' title='bbox 39 1687 47 1705; x_wconf 49' lang='grc'><strong><em>,</em></strong></span> <span class='ocrx_word' id='word_1_137' title='bbox 123 1639 192 1698; x_wconf 74' lang='lat' dir='ltr'>(lo.)</span> <span class='ocrx_word' id='word_1_138' title='bbox 210 1638 256 1684; x_wconf 90' lang='lat' dir='ltr'>Ille</span> <span class='ocrx_word' id='word_1_139' title='bbox 271 1646 357 1695; x_wconf 81' lang='lat' dir='ltr'>tamen,</span> <span class='ocrx_word' id='word_1_140' title='bbox 372 1637 457 1748; x_wconf 78' lang='lat' dir='ltr'>quibus</span> <span class='ocrx_word' id='word_1_141' title='bbox 466 1637 510 1684; x_wconf 89' lang='lat' dir='ltr'>sibi</span> <span class='ocrx_word' id='word_1_142' title='bbox 519 1636 646 1700; x_wconf 83' lang='lat' dir='ltr'>parietibus</span> <span class='ocrx_word' id='word_1_143' title='bbox 656 1646 682 1686; x_wconf 91' lang='lat' dir='ltr'>et</span> <span class='ocrx_word' id='word_1_144' title='bbox 691 1638 762 1686; x_wconf 85' lang='lat' dir='ltr'>muris</span> 
     </span>
     <span class='ocr_line' id='line_1_24' title="bbox 91 1700 760 1760; baseline 0.006 -14"><span class='ocrx_word' id='word_1_145' title='bbox 91 1701 188 1748; x_wconf 87' lang='lat' dir='ltr'>salutem</span> <span class='ocrx_word' id='word_1_146' title='bbox 199 1716 265 1747; x_wconf 86' lang='lat' dir='ltr'>suam</span> <span class='ocrx_word' id='word_1_147' title='bbox 276 1702 335 1748; x_wconf 86' lang='lat' dir='ltr'>tueri</span> <span class='ocrx_word' id='word_1_148' title='bbox 349 1701 372 1748; x_wconf 86' lang='lat' dir='ltr'>vi</span> <span class='ocrx_word' id='word_1_149' title='bbox 388 1703 475 1760; x_wconf 88' lang='lat' dir='ltr'>ebatur,</span> <span class='ocrx_word' id='word_1_150' title='bbox 486 1700 566 1748; x_wconf 91' lang='lat' dir='ltr'>dolum</span> <span class='ocrx_word' id='word_1_151' title='bbox 582 1716 663 1749; x_wconf 83' lang='lat' dir='ltr'>secum</span> <span class='ocrx_word' id='word_1_152' title='bbox 674 1711 698 1750; x_wconf 89' lang='lat' dir='ltr'>et</span> <span class='ocrx_word' id='word_1_153' title='bbox 707 1703 760 1750; x_wconf 83' lang='lat' dir='ltr'>inei-</span> 
     </span>
     <span class='ocr_line' id='line_1_25' title="bbox 91 1764 761 1825; baseline 0.004 -14"><span class='ocrx_word' id='word_1_154' title='bbox 91 1764 148 1821; x_wconf 74' lang='lat' dir='ltr'>dias,</span> <span class='ocrx_word' id='word_1_155' title='bbox 161 1772 183 1810; x_wconf 91' lang='lat' dir='ltr'>et</span> <span class='ocrx_word' id='word_1_156' title='bbox 195 1764 293 1811; x_wconf 87' lang='lat' dir='ltr'>ultorem</span> <span class='ocrx_word' id='word_1_157' title='bbox 305 1766 415 1813; x_wconf 84' lang='lat' dir='ltr'>scelerum</span> <span class='ocrx_word' id='word_1_158' title='bbox 426 1765 513 1825; x_wconf 90' lang='lat' dir='ltr'>Deum,</span> <span class='ocrx_word' id='word_1_159' title='bbox 529 1765 631 1812; x_wconf 78' lang='lat' dir='ltr'>inclusit.</span> <span class='ocrx_word' id='word_1_160' title='bbox 654 1765 761 1814; x_wconf 83' lang='lat' dir='ltr'>Dimurit</span> 
     </span>
     <span class='ocr_line' id='line_1_26' title="bbox 89 1827 761 1892; baseline 0.004 -17"><span class='ocrx_word' id='word_1_161' title='bbox 89 1827 243 1891; x_wconf 84' lang='lat' dir='ltr'>perfregitque</span> <span class='ocrx_word' id='word_1_162' title='bbox 252 1828 366 1876; x_wconf 82' lang='lat' dir='ltr'>custodies</span> <span class='ocrx_word' id='word_1_163' title='bbox 377 1830 461 1886; x_wconf 83' lang='lat' dir='ltr'>Poeua;</span> <span class='ocrx_word' id='word_1_164' title='bbox 473 1837 628 1892; x_wconf 82' lang='lat' dir='ltr'>angustosque</span> <span class='ocrx_word' id='word_1_165' title='bbox 638 1831 761 1892; x_wconf 86' lang='lat' dir='ltr'>persditus</span> 
     </span>
     <span class='ocr_line' id='line_1_27' title="bbox 91 1894 760 1957; baseline 0.003 -17"><span class='ocrx_word' id='word_1_166' title='bbox 91 1902 114 1940; x_wconf 92' lang='lat' dir='ltr'>et</span> <span class='ocrx_word' id='word_1_167' title='bbox 124 1894 259 1951; x_wconf 85' lang='lat' dir='ltr'>obstructos,</span> <span class='ocrx_word' id='word_1_168' title='bbox 271 1906 317 1940; x_wconf 90' lang='lat' dir='ltr'>non</span> <span class='ocrx_word' id='word_1_169' title='bbox 328 1909 392 1941; x_wconf 85' lang='lat' dir='ltr'>secus</span> <span class='ocrx_word' id='word_1_170' title='bbox 402 1909 429 1942; x_wconf 83' lang='lat' dir='ltr'>aa</span> <span class='ocrx_word' id='word_1_171' title='bbox 442 1909 484 1957; x_wconf 89' lang='lat' dir='ltr'>per</span> <span class='ocrx_word' id='word_1_172' title='bbox 496 1901 584 1956; x_wconf 80' lang='lat' dir='ltr'>apertas</span> <span class='ocrx_word' id='word_1_173' title='bbox 594 1894 656 1941; x_wconf 82' lang='lat' dir='ltr'>fores</span> <span class='ocrx_word' id='word_1_174' title='bbox 666 1903 691 1941; x_wconf 89' lang='lat' dir='ltr'>et</span> <span class='ocrx_word' id='word_1_175' title='bbox 701 1896 760 1942; x_wconf 86' lang='lat' dir='ltr'>inri-</span> 
     </span>
     <span class='ocr_line' id='line_1_28' title="bbox 91 1957 776 2021; baseline 0.003 -17"><span class='ocrx_word' id='word_1_176' title='bbox 91 1957 164 2005; x_wconf 81' lang='lat' dir='ltr'>tantia</span> <span class='ocrx_word' id='word_1_177' title='bbox 178 1957 267 2016; x_wconf 88' lang='lat' dir='ltr'>limina,</span> <span class='ocrx_word' id='word_1_178' title='bbox 283 1957 381 2021; x_wconf 85' lang='lat' dir='ltr'>irrupit:</span> <span class='ocrx_word' id='word_1_179' title='bbox 404 1959 518 2020; x_wconf 83' lang='lat' dir='ltr'>longeque</span> <span class='ocrx_word' id='word_1_180' title='bbox 531 1967 587 2004; x_wconf 87' lang='lat' dir='ltr'>tunc</span> <span class='ocrx_word' id='word_1_181' title='bbox 603 1957 640 2004; x_wconf 93' lang='lat' dir='ltr'>illi</span> <span class='ocrx_word' id='word_1_182' title='bbox 652 1958 776 2006; x_wconf 68' lang='lat' dir='ltr'>divinitase</span> 
     </span>
     <span class='ocr_line' id='line_1_29' title="bbox 92 2021 761 2084; baseline 0.003 -15"><span class='ocrx_word' id='word_1_183' title='bbox 92 2038 142 2082; x_wconf 83' lang='lat' dir='ltr'>sua,</span> <span class='ocrx_word' id='word_1_184' title='bbox 153 2022 222 2084; x_wconf 87' lang='lat' dir='ltr'>longe</span> <span class='ocrx_word' id='word_1_185' title='bbox 240 2036 322 2070; x_wconf 76' lang='lat' dir='ltr'>moena</span> <span class='ocrx_word' id='word_1_186' title='bbox 338 2021 379 2068; x_wconf 81' lang='lat' dir='ltr'>illu</span> <span class='ocrx_word' id='word_1_187' title='bbox 393 2022 479 2069; x_wconf 87' lang='lat' dir='ltr'>cubilia</span> <span class='ocrx_word' id='word_1_188' title='bbox 494 2021 595 2084; x_wconf 72' lang='lat' dir='ltr'>serique</span> <span class='ocrx_word' id='word_1_189' title='bbox 611 2037 721 2081; x_wconf 78' lang='lat' dir='ltr'>seoessus,</span> <span class='ocrx_word' id='word_1_190' title='bbox 736 2023 761 2071; x_wconf 89' lang='lat' dir='ltr'>iu</span> 
     </span>
     <span class='ocr_line' id='line_1_30' title="bbox 91 2085 759 2150; baseline 0 -17"><span class='ocrx_word' id='word_1_191' title='bbox 91 2101 149 2148; x_wconf 87' lang='lat' dir='ltr'>quoe</span> <span class='ocrx_word' id='word_1_192' title='bbox 158 2085 249 2145; x_wconf 86' lang='lat' dir='ltr'>timore,</span> <span class='ocrx_word' id='word_1_193' title='bbox 258 2095 281 2133; x_wconf 91' lang='lat' dir='ltr'>et</span> <span class='ocrx_word' id='word_1_194' title='bbox 291 2085 404 2150; x_wconf 68' lang='lat' dir='ltr'>superbiis,</span> <span class='ocrx_word' id='word_1_195' title='bbox 413 2094 436 2132; x_wconf 91' lang='lat' dir='ltr'>et</span> <span class='ocrx_word' id='word_1_196' title='bbox 443 2085 496 2133; x_wconf 90' lang='lat' dir='ltr'>odio</span> <span class='ocrx_word' id='word_1_197' title='bbox 502 2085 634 2142; x_wconf 89' lang='lat' dir='ltr'>hominum,</span> <span class='ocrx_word' id='word_1_198' title='bbox 641 2089 759 2148; x_wconf 69' lang='lat' dir='ltr'>agebatur.</span> 
     </span>
     <span class='ocr_line' id='line_1_31' title="bbox 90 2149 759 2213; baseline 0.003 -17"><span class='ocrx_word' id='word_1_199' title='bbox 90 2149 186 2208; x_wconf 83' lang='lat' dir='ltr'>Quanto</span> <span class='ocrx_word' id='word_1_200' title='bbox 196 2165 259 2198; x_wconf 86' lang='lat' dir='ltr'>nunc</span> <span class='ocrx_word' id='word_1_201' title='bbox 269 2151 347 2208; x_wconf 86' lang='lat' dir='ltr'>tutior,</span> <span class='ocrx_word' id='word_1_202' title='bbox 365 2157 451 2213; x_wconf 79' lang='lat' dir='ltr'>quanta</span> <span class='ocrx_word' id='word_1_203' title='bbox 466 2149 565 2197; x_wconf 83' lang='lat' dir='ltr'>securior</span> <span class='ocrx_word' id='word_1_204' title='bbox 575 2149 656 2196; x_wconf 83' lang='lat' dir='ltr'>eadem</span> <span class='ocrx_word' id='word_1_205' title='bbox 666 2149 759 2209; x_wconf 87' lang='lat' dir='ltr'>dumus,</span> 
     </span>
     <span class='ocr_line' id='line_1_32' title="bbox 89 2213 759 2274; baseline 0.006 -16"><span class='ocrx_word' id='word_1_206' title='bbox 89 2220 212 2274; x_wconf 75' lang='lat' dir='ltr'>postquam</span> <span class='ocrx_word' id='word_1_207' title='bbox 226 2229 272 2261; x_wconf 92' lang='lat' dir='ltr'>non</span> <span class='ocrx_word' id='word_1_208' title='bbox 283 2214 430 2273; x_wconf 82' lang='lat' dir='ltr'>crudelitatis,</span> <span class='ocrx_word' id='word_1_209' title='bbox 442 2214 481 2261; x_wconf 88' lang='lat' dir='ltr'>sed</span> <span class='ocrx_word' id='word_1_210' title='bbox 495 2213 579 2260; x_wconf 89' lang='lat' dir='ltr'>amoris</span> <span class='ocrx_word' id='word_1_211' title='bbox 589 2214 702 2272; x_wconf 83' lang='lat' dir='ltr'>excubiis,</span> <span class='ocrx_word' id='word_1_212' title='bbox 713 2230 759 2262; x_wconf 86' lang='lat' dir='ltr'>nou</span> 
     </span>
     <span class='ocr_line' id='line_1_33' title="bbox 90 2275 760 2336; baseline 0.007 -15"><span class='ocrx_word' id='word_1_213' title='bbox 90 2275 210 2322; x_wconf 73' lang='lat' dir='ltr'>alumdine</span> <span class='ocrx_word' id='word_1_214' title='bbox 221 2286 244 2323; x_wconf 78' lang='lat' dir='ltr'>et</span> <span class='ocrx_word' id='word_1_215' title='bbox 254 2278 366 2336; x_wconf 71' lang='lat' dir='ltr'>claustris,</span> <span class='ocrx_word' id='word_1_216' title='bbox 381 2278 421 2326; x_wconf 78' lang='lat' dir='ltr'>sed</span> <span class='ocrx_word' id='word_1_217' title='bbox 431 2278 516 2326; x_wconf 84' lang='lat' dir='ltr'>civium</span> <span class='ocrx_word' id='word_1_218' title='bbox 526 2277 665 2336; x_wconf 76' lang='lat' dir='ltr'>celebritate,</span> <span class='ocrx_word' id='word_1_219' title='bbox 680 2278 760 2326; x_wconf 81' lang='lat' dir='ltr'>defen-</span> 
     </span>
     <span class='ocr_line' id='line_1_34' title="bbox 90 2338 759 2405; baseline 0.007 -19"><span class='ocrx_word' id='word_1_220' title='bbox 90 2338 168 2386; x_wconf 88' lang='lat' dir='ltr'>ditur!</span> <span class='ocrx_word' id='word_1_221' title='bbox 181 2338 273 2402; x_wconf 84' lang='lat' dir='ltr'>Ecquid</span> <span class='ocrx_word' id='word_1_222' title='bbox 279 2357 333 2403; x_wconf 87' lang='lat' dir='ltr'>ergo</span> <span class='ocrx_word' id='word_1_223' title='bbox 339 2343 447 2390; x_wconf 83' lang='lat' dir='ltr'>discimus</span> <span class='ocrx_word' id='word_1_224' title='bbox 453 2341 759 2405; x_wconf 66' lang='lat' dir='ltr'>experimenmfidiuimam</span> 
     </span>
     <span class='ocr_line' id='line_1_35' title="bbox 90 2403 759 2470; baseline 0.009 -20"><span class='ocrx_word' id='word_1_225' title='bbox 90 2418 139 2450; x_wconf 85' lang='lat' dir='ltr'>esse</span> <span class='ocrx_word' id='word_1_226' title='bbox 151 2403 278 2450; x_wconf 86' lang='lat' dir='ltr'>custodiam</span> <span class='ocrx_word' id='word_1_227' title='bbox 293 2406 405 2470; x_wconf 80' lang='lat' dir='ltr'>Principis</span> <span class='ocrx_word' id='word_1_228' title='bbox 415 2406 486 2470; x_wconf 83' lang='lat' dir='ltr'>ipsius</span> <span class='ocrx_word' id='word_1_229' title='bbox 498 2405 675 2455; x_wconf 76' lang='lat' dir='ltr'>innocentiam?</span> <span class='ocrx_word' id='word_1_230' title='bbox 700 2408 759 2456; x_wconf 73' lang='lat' dir='ltr'>Hac</span> 
     </span>
     <span class='ocr_line' id='line_1_36' title="bbox 89 2467 759 2534; baseline 0.006 -20"><span class='ocrx_word' id='word_1_231' title='bbox 89 2483 131 2514; x_wconf 84' lang='lat' dir='ltr'>arx</span> <span class='ocrx_word' id='word_1_232' title='bbox 141 2467 260 2527; x_wconf 79' lang='lat' dir='ltr'>inaccessa,</span> <span class='ocrx_word' id='word_1_233' title='bbox 271 2469 315 2516; x_wconf 89' lang='lat' dir='ltr'>hoc</span> <span class='ocrx_word' id='word_1_234' title='bbox 325 2471 504 2534; x_wconf 82' lang='lat' dir='ltr'>inexpugnabile</span> <span class='ocrx_word' id='word_1_235' title='bbox 513 2470 697 2530; x_wconf 72' lang='lat' dir='ltr'>munimentum,</span> <span class='ocrx_word' id='word_1_236' title='bbox 705 2485 759 2518; x_wconf 90' lang='lat' dir='ltr'>mu-</span> 
     </span>
     <span class='ocr_line' id='line_1_37' title="bbox 88 2532 758 2594; baseline 0.01 -17"><span class='ocrx_word' id='word_1_237' title='bbox 88 2532 191 2579; x_wconf 86' lang='lat' dir='ltr'>nimento</span> <span class='ocrx_word' id='word_1_238' title='bbox 206 2546 252 2578; x_wconf 94' lang='lat' dir='ltr'>non</span> <span class='ocrx_word' id='word_1_239' title='bbox 268 2548 340 2594; x_wconf 84' lang='lat' dir='ltr'>egere.</span> <span class='ocrx_word' id='word_1_240' title='bbox 359 2535 455 2583; x_wconf 84' lang='lat' dir='ltr'>Frustra</span> <span class='ocrx_word' id='word_1_241' title='bbox 471 2551 495 2582; x_wconf 86' lang='lat' dir='ltr'>se</span> <span class='ocrx_word' id='word_1_242' title='bbox 511 2543 595 2582; x_wconf 86' lang='lat' dir='ltr'>terrore</span> <span class='ocrx_word' id='word_1_243' title='bbox 611 2535 758 2593; x_wconf 77' lang='lat' dir='ltr'>succinxerit,</span> 
     </span>
     <span class='ocr_line' id='line_1_38' title="bbox 88 2595 757 2662; baseline 0.001 -18"><span class='ocrx_word' id='word_1_244' title='bbox 88 2595 131 2660; x_wconf 88' lang='lat' dir='ltr'>qui</span> <span class='ocrx_word' id='word_1_245' title='bbox 141 2604 219 2662; x_wconf 85' lang='lat' dir='ltr'>septus</span> <span class='ocrx_word' id='word_1_246' title='bbox 232 2596 325 2645; x_wconf 81' lang='lat' dir='ltr'>caritate</span> <span class='ocrx_word' id='word_1_247' title='bbox 338 2613 389 2645; x_wconf 83' lang='lat' dir='ltr'>uun</span> <span class='ocrx_word' id='word_1_248' title='bbox 396 2599 481 2645; x_wconf 73' lang='lat' dir='ltr'>iuerits</span> <span class='ocrx_word' id='word_1_249' title='bbox 497 2598 567 2644; x_wconf 83' lang='lat' dir='ltr'>armis</span> <span class='ocrx_word' id='word_1_250' title='bbox 576 2598 641 2645; x_wconf 87' lang='lat' dir='ltr'>eninr</span> <span class='ocrx_word' id='word_1_251' title='bbox 651 2615 717 2648; x_wconf 80' lang='lat' dir='ltr'>arma</span> <span class='ocrx_word' id='word_1_252' title='bbox 726 2600 757 2645; x_wconf 90' lang='lat' dir='ltr'>ir-</span> 
     </span>
     <span class='ocr_line' id='line_1_39' title="bbox 85 2660 767 2719; baseline 0.001 -5"><span class='ocrx_word' id='word_1_253' title='bbox 85 2662 195 2719; x_wconf 80' lang='lat' dir='ltr'>ritantur.</span> <span class='ocrx_word' id='word_1_254' title='bbox 210 2663 282 2713; x_wconf 86' lang='lat' dir='ltr'>Num</span> <span class='ocrx_word' id='word_1_255' title='bbox 289 2670 372 2711; x_wconf 81' lang='lat' dir='ltr'>autem</span> <span class='ocrx_word' id='word_1_256' title='bbox 381 2661 453 2708; x_wconf 64' lang='lat' dir='ltr'>seius</span> <span class='ocrx_word' id='word_1_257' title='bbox 460 2665 639 2714; x_wconf 39' lang='lat' dir='ltr'>&amp;cmm</span> <span class='ocrx_word' id='word_1_258' title='bbox 645 2660 767 2703; x_wconf 49' lang='lat' dir='ltr'>MR</span> 
     </span>
    </p>
   </div>
   <div class='ocr_carea' id='block_1_3' title="bbox 0 0 864 3344">
    <p class='ocr_par' dir='ltr' id='par_1_3' title="bbox 0 0 864 3344">
     <span class='ocr_line' id='line_1_40' title="bbox 0 0 864 3344; baseline 0 0"><span class='ocrx_word' id='word_1_259' title='bbox 0 0 864 3344; x_wconf 95' lang='lat' dir='ltr'> </span> 
     </span>
    </p>
   </div>
  </div>
 </body>
</html>
