1718 3344
695 335 697 342 v

214 381 218 394 l

227 485 343 545 marr
363 492 471 545 arlsr.
486 493 520 543 X.
536 495 577 543 ⁰9.
684 490 734 548 2⁷⁹

60 616 269 746 &Archippi
284 635 343 684 quos
356 620 422 669 alteri
432 622 534 685 epistola
549 630 597 670 tue
611 623 732 683 junxeras,

129 874 197 941 (oa.)
215 879 243 928 0.
255 880 355 928 Plinius
370 881 473 944 Trcjuew
483 881 628 944 Imperatori
639 880 666 927 S.

95 1006 136 1056 Tu
146 1007 250 1070 quidun,
261 1008 372 1068 Domine,
383 1008 580 1072 providentissime
589 1007 681 1066 verens,
691 1021 731 1068 ue,
808 1071 811 1075 Δ

60 1071 198 1121 commissus
215 1073 316 1132 flumini,
336 1082 405 1137 atque
423 1073 462 1126 its.
473 1075 540 1134 mari,
556 1073 620 1121 lacus
636 1072 730 1129 effluetr
762 1069 768 1087 ⁸

59 1135 102 1183 sed
168 1135 193 1184 in
204 1153 229 1186 re
238 1137 345 1201 presenti
359 1137 472 1192 inuenisse
482 1138 568 1197 videor,
580 1136 732 1202 quemadmo-

60 1199 119 1248 dum
152 1200 190 1248 uic
204 1201 307 1265 periculo
321 1217 469 1251 occurrerem.
493 1202 573 1250 Potest
589 1201 651 1250 enim
666 1201 731 1250 iactus

59 1263 124 1312 fosse
133 1281 207 1328 usque
217 1266 247 1313 sd
257 1266 345 1314 flumen
359 1266 451 1324 sdduci,
462 1281 504 1314 nec
514 1275 592 1314 tamen
606 1266 631 1312 in
642 1266 730 1314 flumen

59 1329 145 1387 amitti,
157 1329 205 1388 sed,
213 1330 292 1377 relicto
302 1331 368 1394 quasi
377 1331 489 1394 margine,
497 1330 608 1378 contineri
615 1331 700 1394 pariter
707 1339 731 1378 et

59 1392 147 1440 dirimi.
173 1394 212 1443 Sic
227 1409 401 1469 consequemur,
420 1403 449 1442 ut
463 1409 504 1442 nec
521 1395 623 1442 videatur
638 1394 731 1442 flumini

59 1456 160 1517 mixtus,
176 1466 199 1506 et
213 1457 244 1506 ait
258 1459 353 1522 perinde
368 1475 395 1506 ac
410 1459 430 1508 si
445 1459 574 1515 misceatur.
601 1459 655 1506 Erit
667 1460 730 1507 enim

59 1520 175 1584 facileper
184 1522 249 1569 iilum
257 1522 414 1571 brevissimam
421 1532 513 1581 terram,
521 1538 574 1586 quae
579 1522 731 1583 interjacebit,

59 1585 157 1634 advecta
164 1585 225 1635 fomis
234 1601 303 1636 onera
313 1596 459 1650 transponere
469 1587 494 1634 in
504 1587 599 1634 flumen.
616 1585 687 1644 Quod
698 1587 731 1635 ita

60 1649 111 1710 fiet,
125 1649 145 1698 si
159 1649 278 1699 necessitas
291 1661 371 1714 coget3
388 1660 420 1710 et,
436 1665 509 1714 spero,
524 1665 572 1698 non
586 1658 658 1712 coget.
685 1642 740 1699 Est*
788 1680 801 1695 s

59 1713 124 1763 mrim
135 1722 159 1762 et
172 1715 235 1764 lacre
247 1715 298 1779 ipse
308 1716 363 1764 satis
373 1716 442 1772 ultus,
454 1724 476 1764 et
486 1729 548 1762 nunc
558 1714 583 1761 in
594 1715 730 1762 contrariam

57 1787 150 1842 partem
166 1779 253 1829 flumen
269 1779 362 1840 emittit,
379 1779 451 1844 quod,
465 1778 615 1827 interclusum
630 1778 692 1837 inde,
707 1786 731 1827 et

59 1858 109 1906 quo
121 1843 228 1893 volumus
240 1859 361 1903 aversum,
378 1845 427 1893 sine
442 1844 491 1892 ullo
507 1842 643 1890 detrimento
657 1842 729 1902 lacds,

10 1916 20 1927 “’
58 1914 153 1956 tantum
162 1923 237 1972 aquae,
248 1917 362 1973 quantum
372 1924 435 1957 nunc
444 1917 529 1972 portat,
540 1907 649 1956 effundet.
666 1907 731 1954 Pru-

59 1978 131 2030 term,
146 1987 187 2035 per
201 1973 228 2021 id
243 1973 353 2036 spatium,
368 1990 408 2038 per
423 1972 485 2038 quod
499 1973 560 2021 fosse
573 1970 677 2020 facienda
687 1979 730 2030 est,

58 2035 166 2103 insidunt
175 2037 227 2098 rivi,
239 2037 288 2102 qui,
300 2038 320 2086 si
330 2038 450 2102 diligenter
460 2038 604 2101 colligantur,
611 2038 730 2100 augebunt

58 2099 128 2159 iilud,
140 2101 202 2164 quod
212 2102 275 2151 lacus
285 2102 381 2153 dederit.
408 2103 544 2162 Enimvero,
555 2102 575 2150 si
585 2103 673 2165 placeat
682 2101 729 2150 ios-

59 2179 111 2213 sam
120 2165 212 2228 longius
222 2167 313 2226 ducere,
322 2175 345 2215 et
354 2168 438 2217 arctius
447 2182 550 2233 pressam
560 2166 619 2214 mari
629 2181 729 2229 aquare,

59 2242 104 2289 nec
119 2228 145 2276 in
161 2229 258 2290 flumen,
273 2231 312 2278 sed
327 2232 352 2279 in
363 2232 440 2297 ipsum
455 2248 519 2280 mare
530 2231 641 2288 emittere,
652 2245 729 2292 reper-

59 2308 140 2342 cussus
156 2295 227 2343 maris
243 2296 341 2344 servabit
356 2306 379 2344 et
393 2298 502 2360 reprimet
518 2295 632 2359 quidquid
647 2309 660 2342 e
675 2293 728 2340 lacn

59 2357 151 2415 venietr
167 2375 268 2422 quorum
279 2360 298 2407 si
308 2361 367 2408 nihil
377 2361 443 2409 nobis
452 2360 497 2408 loci
506 2366 593 2407 'natura
602 2364 727 2421 prestaret,

59 2423 196 2486 expeditum
205 2432 283 2472 tantm
294 2434 349 2482 erat,
360 2425 478 2474 cataractis
489 2440 556 2489 squas
566 2437 659 2472 cursum
670 2430 729 2468 tem·

58 2502 147 2550 perere.
169 2488 260 2536 Verum
275 2496 298 2536 ct
311 2490 361 2538 hec
375 2498 398 2538 et
412 2490 457 2537 alis
471 2489 546 2537 multo
556 2487 659 2551 sagacius
674 2499 728 2534 con·
790 2502 795 2513 ·

58 2550 136 2662 {euim
146 2551 319 2616 explorabitque
328 2555 431 2611 librator,
449 2569 519 2616 quem
529 2553 607 2617 plane,
618 2550 728 2610 Domine,

88 2617 129 2664 bes
139 2616 238 2677 mittere,
253 2627 280 2665 ut
293 2618 413 2681 polliceris.
438 2619 483 2666 Est
497 2619 559 2666 cuim
574 2632 609 2665 res
623 2615 729 2678 dignust

58 2681 220 2742 magnitudine
234 2681 283 2741 tud,
300 2691 323 2730 et
340 2683 401 2730 curi.
424 2682 477 2744 Ego
493 2682 584 2730 interim
602 2679 729 2743 Calpurnio
755 2686 757 2691 ’

58 2743 149 2801 Macro,
157 2745 282 2794 chrisme
290 2747 347 2802 viro,
357 2754 448 2794 auctore
458 2755 489 2802 tc,
501 2747 589 2811 scripsi,
601 2746 729 2793 utlibrato·

57 2824 108 2858 rem
119 2825 190 2874 quam
201 2802 304 2859 maxime
313 2810 422 2858 idoneum
433 2810 540 2859 mitteret.
