<?xml version="1.0" encoding="UTF-8"?>
<!DOCTYPE html PUBLIC "-//W3C//DTD XHTML 1.0 Transitional//EN"
    "http://www.w3.org/TR/xhtml1/DTD/xhtml1-transitional.dtd">
<html xmlns="http://www.w3.org/1999/xhtml" xml:lang="en" lang="en">
 <head>
  <title>
</title>
<meta http-equiv="Content-Type" content="text/html;charset=utf-8" />
  <meta name='ocr-system' content='tesseract 3.04.00' />
  <meta name='ocr-capabilities' content='ocr_page ocr_carea ocr_par ocr_line ocrx_word'/>
</head>
<body>
  <div class='ocr_page' id='page_1' title='image "./cpliniicciliise00plingoog_0130.png"; bbox 0 0 1718 3344; ppageno 0'>
   <div class='ocr_carea' id='block_1_1' title="bbox 118 383 123 393">
    <p class='ocr_par' dir='ltr' id='par_1_1' title="bbox 118 383 123 393">
     <span class='ocr_line' id='line_1_1' title="bbox 118 383 123 393; baseline 0 0"><span class='ocrx_word' id='word_1_1' title='bbox 118 383 123 393; x_wconf 81' lang='grc' dir='ltr'><em>ι</em></span> 
     </span>
    </p>
   </div>
   <div class='ocr_carea' id='block_1_2' title="bbox 258 490 762 550">
    <p class='ocr_par' dir='ltr' id='par_1_2' title="bbox 258 490 762 550">
     <span class='ocr_line' id='line_1_2' title="bbox 258 490 762 550; baseline 0 -2"><span class='ocrx_word' id='word_1_2' title='bbox 258 500 368 550; x_wconf 75' lang='lat' dir='ltr'>PLINII</span> <span class='ocrx_word' id='word_1_3' title='bbox 393 501 502 550; x_wconf 80' lang='lat' dir='ltr'>EPIST.</span> <span class='ocrx_word' id='word_1_4' title='bbox 520 501 553 550; x_wconf 85' lang='lat' dir='ltr'><strong>V.</strong></span> <span class='ocrx_word' id='word_1_5' title='bbox 572 503 596 546; x_wconf 73' lang='grc' dir='ltr'><strong>ὃ.</strong></span> <span class='ocrx_word' id='word_1_6' title='bbox 649 490 652 494; x_wconf 60' lang='grc'><strong>’</strong></span> <span class='ocrx_word' id='word_1_7' title='bbox 715 501 762 548; x_wconf 66' lang='lat' dir='ltr'><strong>tls</strong></span> 
     </span>
    </p>
   </div>
   <div class='ocr_carea' id='block_1_3' title="bbox 206 695 649 760">
    <p class='ocr_par' dir='ltr' id='par_1_3' title="bbox 206 695 649 760">
     <span class='ocr_line' id='line_1_3' title="bbox 206 695 649 760; baseline -0.007 -17"><span class='ocrx_word' id='word_1_8' title='bbox 206 695 262 760; x_wconf 82' lang='grc'>(4.)</span> <span class='ocrx_word' id='word_1_9' title='bbox 281 698 309 746; x_wconf 85' lang='lat' dir='ltr'><strong>C.</strong></span> <span class='ocrx_word' id='word_1_10' title='bbox 323 697 420 744; x_wconf 77' lang='lat' dir='ltr'><strong>Plinius</strong></span> <span class='ocrx_word' id='word_1_11' title='bbox 436 696 562 742; x_wconf 74' lang='lat' dir='ltr'><strong>Valeriano</strong></span> <span class='ocrx_word' id='word_1_12' title='bbox 570 708 611 741; x_wconf 72' lang='lat' dir='ltr'><strong>sito</strong></span> <span class='ocrx_word' id='word_1_13' title='bbox 623 695 649 741; x_wconf 85' lang='lat' dir='ltr'><strong>S.</strong></span> 
     </span>
    </p>
   </div>
   <div class='ocr_carea' id='block_1_4' title="bbox 88 820 770 1985">
    <p class='ocr_par' dir='ltr' id='par_1_4' title="bbox 88 820 770 1985">
     <span class='ocr_line' id='line_1_4' title="bbox 126 820 766 889; baseline -0.005 -17"><span class='ocrx_word' id='word_1_14' title='bbox 126 824 174 872; x_wconf 85' lang='lat' dir='ltr'><strong>Res</strong></span> <span class='ocrx_word' id='word_1_15' title='bbox 183 840 263 889; x_wconf 82' lang='lat' dir='ltr'><strong>parva,</strong></span> <span class='ocrx_word' id='word_1_16' title='bbox 274 825 315 874; x_wconf 86' lang='lat' dir='ltr'><strong>sed</strong></span> <span class='ocrx_word' id='word_1_17' title='bbox 325 825 419 873; x_wconf 87' lang='lat' dir='ltr'><strong>initium</strong></span> <span class='ocrx_word' id='word_1_18' title='bbox 430 839 476 871; x_wconf 89' lang='lat' dir='ltr'><strong>non</strong></span> <span class='ocrx_word' id='word_1_19' title='bbox 487 820 572 887; x_wconf 73' lang='lat' dir='ltr'><strong>parve.</strong></span> <span class='ocrx_word' id='word_1_20' title='bbox 591 822 635 870; x_wconf 87' lang='lat' dir='ltr'><strong>Vir</strong></span> <span class='ocrx_word' id='word_1_21' title='bbox 644 822 766 886; x_wconf 70' lang='lat' dir='ltr'><strong>pretorius</strong></span> 
     </span>
     <span class='ocr_line' id='line_1_5' title="bbox 88 885 765 953; baseline -0.004 -17"><span class='ocrx_word' id='word_1_22' title='bbox 88 889 177 936; x_wconf 86' lang='lat' dir='ltr'><strong>Sollers</strong></span> <span class='ocrx_word' id='word_1_23' title='bbox 186 905 201 937; x_wconf 84' lang='lat' dir='ltr'><strong>s</strong></span> <span class='ocrx_word' id='word_1_24' title='bbox 211 899 291 938; x_wconf 85' lang='lat' dir='ltr'><strong>senatu</strong></span> <span class='ocrx_word' id='word_1_25' title='bbox 302 890 376 953; x_wconf 84' lang='lat' dir='ltr'><strong>petiit,</strong></span> <span class='ocrx_word' id='word_1_26' title='bbox 391 897 418 937; x_wconf 92' lang='lat' dir='ltr'><strong>ut</strong></span> <span class='ocrx_word' id='word_1_27' title='bbox 428 888 472 936; x_wconf 87' lang='lat' dir='ltr'><strong>nbi</strong></span> <span class='ocrx_word' id='word_1_28' title='bbox 481 888 600 936; x_wconf 70' lang='lat' dir='ltr'>instituere</span> <span class='ocrx_word' id='word_1_29' title='bbox 609 887 635 934; x_wconf 90' lang='lat' dir='ltr'><strong>in</strong></span> <span class='ocrx_word' id='word_1_30' title='bbox 645 885 706 950; x_wconf 77' lang='lat' dir='ltr'><strong>agris</strong></span> <span class='ocrx_word' id='word_1_31' title='bbox 717 886 765 934; x_wconf 80' lang='lat' dir='ltr'><strong>suis</strong></span> 
     </span>
     <span class='ocr_line' id='line_1_6' title="bbox 88 949 765 1018; baseline -0.001 -19"><span class='ocrx_word' id='word_1_32' title='bbox 88 952 208 1002; x_wconf 83' lang='lat' dir='ltr'><strong>nundinas</strong></span> <span class='ocrx_word' id='word_1_33' title='bbox 222 954 399 1018; x_wconf 81' lang='lat' dir='ltr'><strong>permitteretur.</strong></span> <span class='ocrx_word' id='word_1_34' title='bbox 419 953 614 1000; x_wconf 67' lang='lat' dir='ltr'><strong>Contradixmunt</strong></span> <span class='ocrx_word' id='word_1_35' title='bbox 630 949 765 999; x_wconf 71' lang='lat' dir='ltr'><strong>Vreeutino·</strong></span> 
     </span>
     <span class='ocr_line' id='line_1_7' title="bbox 88 1014 765 1082; baseline -0.003 -18"><span class='ocrx_word' id='word_1_36' title='bbox 88 1031 145 1064; x_wconf 82' lang='lat' dir='ltr'><strong>mm</strong></span> <span class='ocrx_word' id='word_1_37' title='bbox 166 1017 252 1082; x_wconf 79' lang='lat' dir='ltr'><strong>legati·</strong></span> <span class='ocrx_word' id='word_1_38' title='bbox 280 1019 348 1066; x_wconf 69' lang='lat' dir='ltr'><strong>rffiuit</strong></span> <span class='ocrx_word' id='word_1_39' title='bbox 369 1017 487 1066; x_wconf 76' lang='lat' dir='ltr'>Tuscilius</span> <span class='ocrx_word' id='word_1_40' title='bbox 508 1016 664 1065; x_wconf 71' lang='lat' dir='ltr'><strong>Nominatus:</strong></span> <span class='ocrx_word' id='word_1_41' title='bbox 693 1014 765 1062; x_wconf 83' lang='lat' dir='ltr'><strong>dilata</strong></span> 
     </span>
     <span class='ocr_line' id='line_1_8' title="bbox 89 1079 765 1132; baseline -0.006 -2"><span class='ocrx_word' id='word_1_42' title='bbox 89 1096 162 1130; x_wconf 85' lang='lat' dir='ltr'><strong>causa</strong></span> <span class='ocrx_word' id='word_1_43' title='bbox 172 1091 213 1132; x_wconf 71' lang='lat' dir='ltr'><strong>est.</strong></span> <span class='ocrx_word' id='word_1_44' title='bbox 230 1082 288 1131; x_wconf 80' lang='lat' dir='ltr'><strong>Alio</strong></span> <span class='ocrx_word' id='word_1_45' title='bbox 298 1092 379 1131; x_wconf 84' lang='lat' dir='ltr'><strong>senatu</strong></span> <span class='ocrx_word' id='word_1_46' title='bbox 386 1081 503 1130; x_wconf 89' lang='lat' dir='ltr'><strong>Vicentini</strong></span> <span class='ocrx_word' id='word_1_47' title='bbox 513 1081 562 1129; x_wconf 86' lang='lat' dir='ltr'><strong>siue</strong></span> <span class='ocrx_word' id='word_1_48' title='bbox 572 1080 682 1129; x_wconf 56' lang='lat' dir='ltr'><strong>&amp;vocato</strong></span> <span class='ocrx_word' id='word_1_49' title='bbox 692 1079 765 1127; x_wconf 87' lang='lat' dir='ltr'><strong>intra-</strong></span> 
     </span>
     <span class='ocr_line' id='line_1_9' title="bbox 90 1144 765 1210; baseline -0.006 -16"><span class='ocrx_word' id='word_1_50' title='bbox 90 1153 191 1195; x_wconf 73' lang='lat' dir='ltr'><strong>munte</strong></span> <span class='ocrx_word' id='word_1_51' title='bbox 202 1146 312 1196; x_wconf 84' lang='lat' dir='ltr'><strong>dixerunt</strong></span> <span class='ocrx_word' id='word_1_52' title='bbox 322 1162 346 1195; x_wconf 89' lang='lat' dir='ltr'><strong>se</strong></span> <span class='ocrx_word' id='word_1_53' title='bbox 356 1147 470 1210; x_wconf 83' lang='lat' dir='ltr'><strong>deceptos,</strong></span> <span class='ocrx_word' id='word_1_54' title='bbox 479 1145 569 1209; x_wconf 84' lang='lat' dir='ltr'><strong>lapsine</strong></span> <span class='ocrx_word' id='word_1_55' title='bbox 576 1146 655 1204; x_wconf 81' lang='lat' dir='ltr'><strong>verbo,</strong></span> <span class='ocrx_word' id='word_1_56' title='bbox 667 1159 697 1192; x_wconf 88' lang='lat' dir='ltr'><strong>an</strong></span> <span class='ocrx_word' id='word_1_57' title='bbox 709 1144 765 1207; x_wconf 72' lang='lat' dir='ltr'><strong>quit</strong></span> 
     </span>
     <span class='ocr_line' id='line_1_10' title="bbox 90 1209 766 1274; baseline -0.006 -16"><span class='ocrx_word' id='word_1_58' title='bbox 90 1209 127 1258; x_wconf 84' lang='lat' dir='ltr'><strong>its&#39;</strong></span> <span class='ocrx_word' id='word_1_59' title='bbox 136 1211 283 1259; x_wconf 73' lang='lat' dir='ltr'><strong>smtiebant?</strong></span> <span class='ocrx_word' id='word_1_60' title='bbox 300 1211 439 1274; x_wconf 71' lang='lat' dir='ltr'><strong>Interrogati</strong></span> <span class='ocrx_word' id='word_1_61' title='bbox 449 1227 464 1258; x_wconf 89' lang='lat' dir='ltr'><strong>a</strong></span> <span class='ocrx_word' id='word_1_62' title='bbox 474 1211 567 1274; x_wconf 84' lang='lat' dir='ltr'><strong>Nepote</strong></span> <span class='ocrx_word' id='word_1_63' title='bbox 576 1216 681 1273; x_wconf 67' lang='lat' dir='ltr'><strong>praetore,</strong></span> <span class='ocrx_word' id='word_1_64' title='bbox 694 1223 766 1272; x_wconf 85' lang='lat' dir='ltr'><strong>quem</strong></span> 
     </span>
     <span class='ocr_line' id='line_1_11' title="bbox 89 1271 765 1351; baseline -0.007 -29"><span class='ocrx_word' id='word_1_65' title='bbox 89 1273 240 1324; x_wconf 73' lang='lat' dir='ltr'><strong>docmssent?</strong></span> <span class='ocrx_word' id='word_1_66' title='bbox 253 1274 594 1351; x_wconf 65' lang='lat' dir='ltr'><strong>responderuntquenprius.</strong></span> <span class='ocrx_word' id='word_1_67' title='bbox 618 1271 765 1348; x_wconf 67' lang='lat' dir='ltr'><strong>Interrogati,</strong></span> 
     </span>
     <span class='ocr_line' id='line_1_12' title="bbox 91 1337 767 1468; baseline -0.006 -17"><span class='ocrx_word' id='word_1_68' title='bbox 91 1340 385 1453; x_wconf 54' lang='lat' dir='ltr'><strong>mimz}</strong></span> <span class='ocrx_word' id='word_1_69' title='bbox 393 1337 767 1468; x_wconf 60' lang='lat' dir='ltr'><strong>tnttutttffitt</strong></span> 
     </span>
     <span class='ocr_line' id='line_1_13' title="bbox 91 1465 769 1532; baseline -0.006 -17"><span class='ocrx_word' id='word_1_70' title='bbox 91 1467 160 1515; x_wconf 88' lang='lat' dir='ltr'><strong>mille</strong></span> <span class='ocrx_word' id='word_1_71' title='bbox 178 1467 288 1517; x_wconf 79' lang='lat' dir='ltr'><strong>denarios.</strong></span> <span class='ocrx_word' id='word_1_72' title='bbox 318 1468 399 1532; x_wconf 83' lang='lat' dir='ltr'><strong>Nepos</strong></span> <span class='ocrx_word' id='word_1_73' title='bbox 420 1467 554 1531; x_wconf 77' lang='lat' dir='ltr'><strong>postulavit,</strong></span> <span class='ocrx_word' id='word_1_74' title='bbox 576 1475 604 1514; x_wconf 86' lang='lat' dir='ltr'><strong>nt</strong></span> <span class='ocrx_word' id='word_1_75' title='bbox 626 1465 769 1514; x_wconf 81' lang='lat' dir='ltr'><strong>Nominatus</strong></span> 
     </span>
     <span class='ocr_line' id='line_1_14' title="bbox 91 1531 767 1593; baseline -0.006 -14"><span class='ocrx_word' id='word_1_76' title='bbox 91 1531 246 1581; x_wconf 81' lang='lat' dir='ltr'><strong>induceretur.</strong></span> <span class='ocrx_word' id='word_1_77' title='bbox 273 1533 393 1581; x_wconf 77' lang='lat' dir='ltr'><strong>Hactenus</strong></span> <span class='ocrx_word' id='word_1_78' title='bbox 407 1534 449 1580; x_wconf 91' lang='lat' dir='ltr'><strong>illo</strong></span> <span class='ocrx_word' id='word_1_79' title='bbox 464 1533 508 1580; x_wconf 85' lang='lat' dir='ltr'><strong>die.</strong></span> <span class='ocrx_word' id='word_1_80' title='bbox 533 1531 587 1588; x_wconf 85' lang='lat' dir='ltr'><strong>Sed,</strong></span> <span class='ocrx_word' id='word_1_81' title='bbox 599 1539 713 1593; x_wconf 86' lang='lat' dir='ltr'><strong>quantum</strong></span> <span class='ocrx_word' id='word_1_82' title='bbox 725 1544 767 1576; x_wconf 88' lang='lat' dir='ltr'><strong>an-</strong></span> 
     </span>
     <span class='ocr_line' id='line_1_15' title="bbox 92 1595 768 1661; baseline -0.004 -18"><span class='ocrx_word' id='word_1_83' title='bbox 92 1610 175 1659; x_wconf 86' lang='lat' dir='ltr'><strong>guror,</strong></span> <span class='ocrx_word' id='word_1_84' title='bbox 196 1597 288 1661; x_wconf 89' lang='lat' dir='ltr'><strong>longius</strong></span> <span class='ocrx_word' id='word_1_85' title='bbox 308 1613 344 1645; x_wconf 90' lang='lat' dir='ltr'><strong>res</strong></span> <span class='ocrx_word' id='word_1_86' title='bbox 360 1597 473 1661; x_wconf 74' lang='lat' dir='ltr'><strong>procedet.</strong></span> <span class='ocrx_word' id='word_1_87' title='bbox 501 1597 565 1644; x_wconf 87' lang='lat' dir='ltr'><strong>Nam</strong></span> <span class='ocrx_word' id='word_1_88' title='bbox 582 1595 691 1658; x_wconf 83' lang='lat' dir='ltr'><strong>pleraque</strong></span> <span class='ocrx_word' id='word_1_89' title='bbox 707 1601 768 1640; x_wconf 92' lang='lat' dir='ltr'><strong>tacta</strong></span> 
     </span>
     <span class='ocr_line' id='line_1_16' title="bbox 92 1659 769 1720; baseline -0.009 -12"><span class='ocrx_word' id='word_1_90' title='bbox 92 1668 196 1720; x_wconf 85' lang='lat' dir='ltr'><strong>tantum,</strong></span> <span class='ocrx_word' id='word_1_91' title='bbox 219 1672 242 1710; x_wconf 89' lang='lat' dir='ltr'><strong>et</strong></span> <span class='ocrx_word' id='word_1_92' title='bbox 261 1661 356 1710; x_wconf 88' lang='lat' dir='ltr'><strong>omnino</strong></span> <span class='ocrx_word' id='word_1_93' title='bbox 382 1670 506 1720; x_wconf 81' lang='lat' dir='ltr'><strong>commota,</strong></span> <span class='ocrx_word' id='word_1_94' title='bbox 530 1659 641 1706; x_wconf 83' lang='lat' dir='ltr'><strong>latissime</strong></span> <span class='ocrx_word' id='word_1_95' title='bbox 666 1665 769 1719; x_wconf 87' lang='lat' dir='ltr'><strong>serpunt.</strong></span> 
     </span>
     <span class='ocr_line' id='line_1_17' title="bbox 95 1725 768 1785; baseline -0.009 -13"><span class='ocrx_word' id='word_1_96' title='bbox 95 1725 171 1772; x_wconf 83' lang='lat' dir='ltr'><strong>Erexi</strong></span> <span class='ocrx_word' id='word_1_97' title='bbox 182 1741 248 1774; x_wconf 86' lang='lat' dir='ltr'><strong>aures</strong></span> <span class='ocrx_word' id='word_1_98' title='bbox 258 1735 317 1774; x_wconf 88' lang='lat' dir='ltr'><strong>tuas.</strong></span> <span class='ocrx_word' id='word_1_99' title='bbox 341 1726 422 1785; x_wconf 86' lang='lat' dir='ltr'><strong>Quam</strong></span> <span class='ocrx_word' id='word_1_100' title='bbox 438 1726 478 1772; x_wconf 90' lang='lat' dir='ltr'><strong>diu</strong></span> <span class='ocrx_word' id='word_1_101' title='bbox 495 1739 566 1781; x_wconf 90' lang='lat' dir='ltr'><strong>nunc,</strong></span> <span class='ocrx_word' id='word_1_102' title='bbox 582 1730 679 1784; x_wconf 83' lang='lat' dir='ltr'><strong>oportet,</strong></span> <span class='ocrx_word' id='word_1_103' title='bbox 696 1736 768 1783; x_wconf 86' lang='lat' dir='ltr'><strong>quam</strong></span> 
     </span>
     <span class='ocr_line' id='line_1_18' title="bbox 92 1786 767 1855; baseline -0.019 -12"><span class='ocrx_word' id='word_1_104' title='bbox 92 1788 189 1849; x_wconf 64' lang='lat' dir='ltr'><strong>blande,</strong></span> <span class='ocrx_word' id='word_1_105' title='bbox 203 1806 277 1855; x_wconf 80' lang='lat' dir='ltr'><strong>roges,</strong></span> <span class='ocrx_word' id='word_1_106' title='bbox 295 1799 323 1839; x_wconf 93' lang='lat' dir='ltr'><strong>ut</strong></span> <span class='ocrx_word' id='word_1_107' title='bbox 340 1791 429 1853; x_wconf 89' lang='lat' dir='ltr'><strong>reliqua</strong></span> <span class='ocrx_word' id='word_1_108' title='bbox 445 1803 574 1852; x_wconf 85' lang='lat' dir='ltr'><strong>cognoscas,</strong></span> <span class='ocrx_word' id='word_1_109' title='bbox 592 1786 611 1832; x_wconf 90' lang='lat' dir='ltr'><strong>si</strong></span> <span class='ocrx_word' id='word_1_110' title='bbox 627 1796 704 1833; x_wconf 67' lang='lat' dir='ltr'><strong>molen</strong></span> <span class='ocrx_word' id='word_1_111' title='bbox 721 1799 767 1830; x_wconf 90' lang='lat' dir='ltr'><strong>non</strong></span> 
     </span>
     <span class='ocr_line' id='line_1_19' title="bbox 93 1855 770 1919; baseline -0.007 -19"><span class='ocrx_word' id='word_1_112' title='bbox 93 1861 151 1901; x_wconf 89' lang='lat' dir='ltr'><strong>ante</strong></span> <span class='ocrx_word' id='word_1_113' title='bbox 161 1856 191 1902; x_wconf 92' lang='lat' dir='ltr'><strong>ob</strong></span> <span class='ocrx_word' id='word_1_114' title='bbox 201 1856 251 1904; x_wconf 78' lang='lat' dir='ltr'><strong>hnc</strong></span> <span class='ocrx_word' id='word_1_115' title='bbox 261 1856 312 1919; x_wconf 87' lang='lat' dir='ltr'><strong>ipsa</strong></span> <span class='ocrx_word' id='word_1_116' title='bbox 323 1855 412 1902; x_wconf 83' lang='lat' dir='ltr'><strong>veneris</strong></span> <span class='ocrx_word' id='word_1_117' title='bbox 423 1855 535 1913; x_wconf 80' lang='lat' dir='ltr'><strong>Romam,</strong></span> <span class='ocrx_word' id='word_1_118' title='bbox 550 1858 708 1914; x_wconf 76' lang='lat' dir='ltr'><strong>spectatorque</strong></span> <span class='ocrx_word' id='word_1_119' title='bbox 718 1863 770 1896; x_wconf 80' lang='lat' dir='ltr'><strong>nra-</strong></span> 
     </span>
     <span class='ocr_line' id='line_1_20' title="bbox 96 1919 493 1985; baseline 0.003 -20"><span class='ocrx_word' id='word_1_120' title='bbox 96 1919 169 1967; x_wconf 78' lang='lat' dir='ltr'><strong>tueris</strong></span> <span class='ocrx_word' id='word_1_121' title='bbox 180 1936 236 1981; x_wconf 82' lang='lat' dir='ltr'><strong>esse,</strong></span> <span class='ocrx_word' id='word_1_122' title='bbox 247 1935 319 1985; x_wconf 89' lang='lat' dir='ltr'><strong>quam</strong></span> <span class='ocrx_word' id='word_1_123' title='bbox 329 1920 407 1968; x_wconf 85' lang='lat' dir='ltr'><strong>lector.</strong></span> <span class='ocrx_word' id='word_1_124' title='bbox 425 1919 493 1968; x_wconf 83' lang='lat' dir='ltr'><strong>Vale.</strong></span> 
     </span>
    </p>
   </div>
   <div class='ocr_carea' id='block_1_5' title="bbox 223 2112 645 2175">
    <p class='ocr_par' dir='ltr' id='par_1_5' title="bbox 223 2112 645 2175">
     <span class='ocr_line' id='line_1_21' title="bbox 223 2112 645 2175; baseline -0.028 -5"><span class='ocrx_word' id='word_1_125' title='bbox 223 2119 272 2175; x_wconf 71' lang='grc' dir='ltr'><strong>(ὅ.)</strong></span> <span class='ocrx_word' id='word_1_126' title='bbox 293 2119 322 2166; x_wconf 78' lang='lat' dir='ltr'><strong>C.</strong></span> <span class='ocrx_word' id='word_1_127' title='bbox 334 2118 432 2165; x_wconf 75' lang='lat' dir='ltr'><strong>Plinius</strong></span> <span class='ocrx_word' id='word_1_128' title='bbox 442 2116 555 2163; x_wconf 77' lang='lat' dir='ltr'><strong>Maximo</strong></span> <span class='ocrx_word' id='word_1_129' title='bbox 565 2125 607 2160; x_wconf 80' lang='lat' dir='ltr'><strong>suo</strong></span> <span class='ocrx_word' id='word_1_130' title='bbox 618 2112 645 2159; x_wconf 81' lang='lat' dir='ltr'><strong>S.</strong></span> 
     </span>
    </p>
   </div>
   <div class='ocr_carea' id='block_1_6' title="bbox 97 2240 776 2696">
    <p class='ocr_par' dir='ltr' id='par_1_6' title="bbox 97 2240 776 2696">
     <span class='ocr_line' id='line_1_22' title="bbox 132 2240 771 2306; baseline -0.006 -15"><span class='ocrx_word' id='word_1_131' title='bbox 132 2243 275 2293; x_wconf 84' lang='lat' dir='ltr'><strong>Nuntiatum</strong></span> <span class='ocrx_word' id='word_1_132' title='bbox 285 2245 344 2293; x_wconf 88' lang='lat' dir='ltr'><strong>mibi</strong></span> <span class='ocrx_word' id='word_1_133' title='bbox 354 2255 397 2306; x_wconf 81' lang='lat' dir='ltr'><strong>est,</strong></span> <span class='ocrx_word' id='word_1_134' title='bbox 409 2245 437 2294; x_wconf 82' lang='lat' dir='ltr'><strong>(l.</strong></span> <span class='ocrx_word' id='word_1_135' title='bbox 448 2242 565 2293; x_wconf 82' lang='lat' dir='ltr'><strong>Fannium</strong></span> <span class='ocrx_word' id='word_1_136' title='bbox 576 2240 713 2297; x_wconf 78' lang='lat' dir='ltr'><strong>decessisse3</strong></span> <span class='ocrx_word' id='word_1_137' title='bbox 729 2240 771 2303; x_wconf 90' lang='lat' dir='ltr'><strong>qui</strong></span> 
     </span>
     <span class='ocr_line' id='line_1_23' title="bbox 97 2303 772 2372; baseline -0.006 -17"><span class='ocrx_word' id='word_1_138' title='bbox 97 2307 197 2357; x_wconf 89' lang='lat' dir='ltr'><strong>nuntius</strong></span> <span class='ocrx_word' id='word_1_139' title='bbox 207 2323 246 2356; x_wconf 88' lang='lat' dir='ltr'><strong>me</strong></span> <span class='ocrx_word' id='word_1_140' title='bbox 255 2311 321 2372; x_wconf 88' lang='lat' dir='ltr'><strong>gravi</strong></span> <span class='ocrx_word' id='word_1_141' title='bbox 335 2310 414 2358; x_wconf 83' lang='lat' dir='ltr'><strong>dolore</strong></span> <span class='ocrx_word' id='word_1_142' title='bbox 429 2307 562 2363; x_wconf 68' lang='lat' dir='ltr'><strong>confundite</strong></span> <span class='ocrx_word' id='word_1_143' title='bbox 578 2306 691 2370; x_wconf 89' lang='lat' dir='ltr'><strong>primum,</strong></span> <span class='ocrx_word' id='word_1_144' title='bbox 708 2303 772 2368; x_wconf 83' lang='lat' dir='ltr'><strong>quod</strong></span> 
     </span>
     <span class='ocr_line' id='line_1_24' title="bbox 98 2367 771 2438; baseline -0.007 -18"><span class='ocrx_word' id='word_1_145' title='bbox 98 2373 178 2420; x_wconf 83' lang='lat' dir='ltr'><strong>amavi</strong></span> <span class='ocrx_word' id='word_1_146' title='bbox 198 2374 317 2422; x_wconf 87' lang='lat' dir='ltr'><strong>hominem</strong></span> <span class='ocrx_word' id='word_1_147' title='bbox 340 2374 468 2438; x_wconf 71' lang='lat' dir='ltr'><strong>elegantem</strong></span> <span class='ocrx_word' id='word_1_148' title='bbox 490 2380 513 2419; x_wconf 90' lang='lat' dir='ltr'><strong>et</strong></span> <span class='ocrx_word' id='word_1_149' title='bbox 531 2371 658 2427; x_wconf 73' lang='lat' dir='ltr'><strong>disertum</strong></span> <span class='ocrx_word' id='word_1_150' title='bbox 679 2367 771 2426; x_wconf 85' lang='lat' dir='ltr'><strong>deinde,</strong></span> 
     </span>
     <span class='ocr_line' id='line_1_25' title="bbox 99 2432 772 2502; baseline -0.007 -17"><span class='ocrx_word' id='word_1_151' title='bbox 99 2437 165 2502; x_wconf 82' lang='lat' dir='ltr'><strong>quotl</strong></span> <span class='ocrx_word' id='word_1_152' title='bbox 179 2438 268 2499; x_wconf 87' lang='lat' dir='ltr'><strong>judicio</strong></span> <span class='ocrx_word' id='word_1_153' title='bbox 284 2441 333 2500; x_wconf 80' lang='lat' dir='ltr'><strong>eJus</strong></span> <span class='ocrx_word' id='word_1_154' title='bbox 348 2440 383 2486; x_wconf 88' lang='lat' dir='ltr'><strong>uti</strong></span> <span class='ocrx_word' id='word_1_155' title='bbox 399 2439 508 2487; x_wconf 84' lang='lat' dir='ltr'><strong>solebam.</strong></span> <span class='ocrx_word' id='word_1_156' title='bbox 536 2437 596 2484; x_wconf 83' lang='lat' dir='ltr'><strong>Erat</strong></span> <span class='ocrx_word' id='word_1_157' title='bbox 612 2434 674 2482; x_wconf 91' lang='lat' dir='ltr'><strong>enim</strong></span> <span class='ocrx_word' id='word_1_158' title='bbox 689 2432 772 2481; x_wconf 73' lang='lat' dir='ltr'><strong>naturis</strong></span> 
     </span>
     <span class='ocr_line' id='line_1_26' title="bbox 98 2497 771 2563; baseline -0.007 -14"><span class='ocrx_word' id='word_1_159' title='bbox 98 2509 192 2562; x_wconf 88' lang='lat' dir='ltr'><strong>acutus,</strong></span> <span class='ocrx_word' id='word_1_160' title='bbox 219 2519 264 2551; x_wconf 85' lang='lat' dir='ltr'><strong>usu</strong></span> <span class='ocrx_word' id='word_1_161' title='bbox 289 2504 435 2561; x_wconf 72' lang='lat' dir='ltr'><strong>exercinnus,</strong></span> <span class='ocrx_word' id='word_1_162' title='bbox 464 2501 572 2548; x_wconf 83' lang='lat' dir='ltr'><strong>varietate</strong></span> <span class='ocrx_word' id='word_1_163' title='bbox 595 2497 771 2563; x_wconf 75' lang='lat' dir='ltr'><strong>promtissimus.</strong></span> 
     </span>
     <span class='ocr_line' id='line_1_27' title="bbox 97 2562 776 2632; baseline -0.004 -18"><span class='ocrx_word' id='word_1_164' title='bbox 97 2566 177 2630; x_wconf 82' lang='lat' dir='ltr'><strong>Angit</strong></span> <span class='ocrx_word' id='word_1_165' title='bbox 193 2583 232 2616; x_wconf 92' lang='lat' dir='ltr'><strong>me</strong></span> <span class='ocrx_word' id='word_1_166' title='bbox 248 2583 319 2632; x_wconf 83' lang='lat' dir='ltr'><strong>super</strong></span> <span class='ocrx_word' id='word_1_167' title='bbox 334 2569 378 2616; x_wconf 83' lang='lat' dir='ltr'><strong>ists</strong></span> <span class='ocrx_word' id='word_1_168' title='bbox 390 2583 456 2616; x_wconf 83' lang='lat' dir='ltr'><strong>esses</strong></span> <span class='ocrx_word' id='word_1_169' title='bbox 470 2565 549 2630; x_wconf 80' lang='lat' dir='ltr'><strong>ipsine</strong></span> <span class='ocrx_word' id='word_1_170' title='bbox 580 2563 685 2612; x_wconf 76' lang='lat' dir='ltr'><strong>Decessit</strong></span> <span class='ocrx_word' id='word_1_171' title='bbox 703 2562 776 2611; x_wconf 79' lang='lat' dir='ltr'><strong>veteri</strong></span> 
     </span>
     <span class='ocr_line' id='line_1_28' title="bbox 99 2628 773 2696; baseline -0.007 -17"><span class='ocrx_word' id='word_1_172' title='bbox 99 2639 246 2680; x_wconf 85' lang='lat' dir='ltr'><strong>testamento.</strong></span> <span class='ocrx_word' id='word_1_173' title='bbox 274 2633 370 2690; x_wconf 81' lang='lat' dir='ltr'><strong>Omisit,</strong></span> <span class='ocrx_word' id='word_1_174' title='bbox 385 2647 443 2696; x_wconf 87' lang='lat' dir='ltr'><strong>quos</strong></span> <span class='ocrx_word' id='word_1_175' title='bbox 457 2629 560 2678; x_wconf 82' lang='lat' dir='ltr'><strong>maxime</strong></span> <span class='ocrx_word' id='word_1_176' title='bbox 576 2628 701 2693; x_wconf 83' lang='lat' dir='ltr'><strong>diligebat:</strong></span> <span class='ocrx_word' id='word_1_177' title='bbox 719 2641 773 2690; x_wconf 86' lang='lat' dir='ltr'><strong>pro-</strong></span> 
     </span>
    </p>
   </div>
   <div class='ocr_carea' id='block_1_7' title="bbox 98 2693 774 3083">
    <p class='ocr_par' dir='ltr' id='par_1_7' title="bbox 98 2693 774 3083">
     <span class='ocr_line' id='line_1_29' title="bbox 99 2693 772 2762; baseline -0.009 -18"><span class='ocrx_word' id='word_1_178' title='bbox 99 2705 193 2745; x_wconf 88' lang='lat' dir='ltr'><strong>secutus</strong></span> <span class='ocrx_word' id='word_1_179' title='bbox 205 2705 247 2758; x_wconf 85' lang='lat' dir='ltr'><strong>est,</strong></span> <span class='ocrx_word' id='word_1_180' title='bbox 259 2697 344 2762; x_wconf 90' lang='lat' dir='ltr'><strong>quibus</strong></span> <span class='ocrx_word' id='word_1_181' title='bbox 355 2695 462 2744; x_wconf 86' lang='lat' dir='ltr'><strong>offensior</strong></span> <span class='ocrx_word' id='word_1_182' title='bbox 467 2703 523 2743; x_wconf 83' lang='lat' dir='ltr'><strong>erat.</strong></span> <span class='ocrx_word' id='word_1_183' title='bbox 539 2693 585 2744; x_wconf 86' lang='lat' dir='ltr'><strong>Sed</strong></span> <span class='ocrx_word' id='word_1_184' title='bbox 592 2693 637 2741; x_wconf 90' lang='lat' dir='ltr'><strong>hoc</strong></span> <span class='ocrx_word' id='word_1_185' title='bbox 645 2701 772 2755; x_wconf 88' lang='lat' dir='ltr'><strong>utcumque</strong></span> 
     </span>
     <span class='ocr_line' id='line_1_30' title="bbox 99 2757 772 2826; baseline -0.01 -18"><span class='ocrx_word' id='word_1_186' title='bbox 99 2760 236 2808; x_wconf 74' lang='lat' dir='ltr'><strong>tolerabiler</strong></span> <span class='ocrx_word' id='word_1_187' title='bbox 256 2761 349 2826; x_wconf 87' lang='lat' dir='ltr'><strong>gravius</strong></span> <span class='ocrx_word' id='word_1_188' title='bbox 363 2761 431 2820; x_wconf 86' lang='lat' dir='ltr'><strong>illud,</strong></span> <span class='ocrx_word' id='word_1_189' title='bbox 448 2760 511 2825; x_wconf 86' lang='lat' dir='ltr'><strong>quod</strong></span> <span class='ocrx_word' id='word_1_190' title='bbox 522 2757 704 2824; x_wconf 87' lang='lat' dir='ltr'><strong>pulcherrimum</strong></span> <span class='ocrx_word' id='word_1_191' title='bbox 713 2770 772 2818; x_wconf 89' lang='lat' dir='ltr'><strong>opus</strong></span> 
     </span>
     <span class='ocr_line' id='line_1_31' title="bbox 99 2819 774 2890; baseline -0.009 -18"><span class='ocrx_word' id='word_1_192' title='bbox 99 2824 263 2888; x_wconf 83' lang='lat' dir='ltr'><strong>imperfectum</strong></span> <span class='ocrx_word' id='word_1_193' title='bbox 273 2825 373 2890; x_wconf 89' lang='lat' dir='ltr'><strong>reliquit.</strong></span> <span class='ocrx_word' id='word_1_194' title='bbox 395 2825 510 2884; x_wconf 85' lang='lat' dir='ltr'><strong>Quamvis</strong></span> <span class='ocrx_word' id='word_1_195' title='bbox 520 2824 583 2872; x_wconf 87' lang='lat' dir='ltr'><strong>enim</strong></span> <span class='ocrx_word' id='word_1_196' title='bbox 593 2821 689 2885; x_wconf 83' lang='lat' dir='ltr'><strong>agendis</strong></span> <span class='ocrx_word' id='word_1_197' title='bbox 699 2819 774 2870; x_wconf 87' lang='lat' dir='ltr'><strong>causis</strong></span> 
     </span>
     <span class='ocr_line' id='line_1_32' title="bbox 98 2886 774 2953; baseline -0.01 -17"><span class='ocrx_word' id='word_1_198' title='bbox 98 2889 282 2953; x_wconf 83' lang='lat' dir='ltr'><strong>distringeretur,</strong></span> <span class='ocrx_word' id='word_1_199' title='bbox 300 2891 412 2938; x_wconf 87' lang='lat' dir='ltr'><strong>scribebat</strong></span> <span class='ocrx_word' id='word_1_200' title='bbox 422 2900 500 2938; x_wconf 73' lang='lat' dir='ltr'><strong>lunen</strong></span> <span class='ocrx_word' id='word_1_201' title='bbox 511 2889 586 2937; x_wconf 84' lang='lat' dir='ltr'><strong>exitus</strong></span> <span class='ocrx_word' id='word_1_202' title='bbox 596 2886 722 2935; x_wconf 85' lang='lat' dir='ltr'><strong>occisorum</strong></span> <span class='ocrx_word' id='word_1_203' title='bbox 732 2892 774 2931; x_wconf 89' lang='lat' dir='ltr'><strong>aut</strong></span> 
     </span>
     <span class='ocr_line' id='line_1_33' title="bbox 98 2949 773 3016; baseline -0.012 -14"><span class='ocrx_word' id='word_1_204' title='bbox 98 2954 253 3016; x_wconf 85' lang='lat' dir='ltr'><strong>relegatorum</strong></span> <span class='ocrx_word' id='word_1_205' title='bbox 263 2972 278 3002; x_wconf 92' lang='lat' dir='ltr'><strong>a</strong></span> <span class='ocrx_word' id='word_1_206' title='bbox 290 2956 398 3003; x_wconf 82' lang='lat' dir='ltr'><strong>Nerone:</strong></span> <span class='ocrx_word' id='word_1_207' title='bbox 416 2963 438 3003; x_wconf 86' lang='lat' dir='ltr'><strong>et</strong></span> <span class='ocrx_word' id='word_1_208' title='bbox 447 2956 496 3016; x_wconf 83' lang='lat' dir='ltr'><strong>jam</strong></span> <span class='ocrx_word' id='word_1_209' title='bbox 509 2964 555 3002; x_wconf 86' lang='lat' dir='ltr'><strong>tres</strong></span> <span class='ocrx_word' id='word_1_210' title='bbox 565 2952 635 3000; x_wconf 84' lang='lat' dir='ltr'><strong>libros</strong></span> <span class='ocrx_word' id='word_1_211' title='bbox 645 2949 773 2998; x_wconf 73' lang='lat' dir='ltr'><strong>absolverat</strong></span> 
     </span>
     <span class='ocr_line' id='line_1_34' title="bbox 98 3015 774 3083; baseline -0.01 -17"><span class='ocrx_word' id='word_1_212' title='bbox 98 3019 205 3077; x_wconf 84' lang='lat' dir='ltr'><strong>subtiles,</strong></span> <span class='ocrx_word' id='word_1_213' title='bbox 223 3028 246 3069; x_wconf 85' lang='lat' dir='ltr'><strong>et</strong></span> <span class='ocrx_word' id='word_1_214' title='bbox 262 3021 390 3083; x_wconf 79' lang='lat' dir='ltr'><strong>diligentes,</strong></span> <span class='ocrx_word' id='word_1_215' title='bbox 406 3029 428 3068; x_wconf 89' lang='lat' dir='ltr'><strong>et</strong></span> <span class='ocrx_word' id='word_1_216' title='bbox 444 3019 548 3078; x_wconf 77' lang='lat' dir='ltr'><strong>latinos,</strong></span> <span class='ocrx_word' id='word_1_217' title='bbox 565 3026 635 3080; x_wconf 86' lang='lat' dir='ltr'><strong>atque</strong></span> <span class='ocrx_word' id='word_1_218' title='bbox 651 3015 710 3062; x_wconf 82' lang='lat' dir='ltr'><strong>inter</strong></span> <span class='ocrx_word' id='word_1_219' title='bbox 728 3025 774 3059; x_wconf 81' lang='lat' dir='ltr'><strong>ser-</strong></span> 
     </span>
    </p>
   </div>
   <div class='ocr_carea' id='block_1_8' title="bbox 0 0 874 3344">
    <p class='ocr_par' dir='ltr' id='par_1_8' title="bbox 0 0 874 3344">
     <span class='ocr_line' id='line_1_35' title="bbox 0 0 874 3344; baseline 0 0"><span class='ocrx_word' id='word_1_220' title='bbox 0 0 874 3344; x_wconf 95' lang='lat' dir='ltr'><strong> </strong></span> 
     </span>
    </p>
   </div>
  </div>
 </body>
</html>
