1718 3344
212 490 326 539 PLINII
345 490 456 543 EPIST.
471 491 502 540 V.
519 493 559 541 Ἠ.
680 493 727 540 136

108 626 151 673 Tne
162 637 201 684 pap
212 619 282 674 cesina
291 630 374 680 μαλλον
386 622 519 669 ιπικλιιουσ’
530 620 643 684 eripuere,

110 691 139 731 ‘H
150 702 190 751 κιρ
202 701 342 732 aamercort
354 703 451 741 νιωτατη
463 695 623 748 apportantes,

56 810 229 878 providendum
238 822 274 862 cet
282 813 347 866 mihi,
356 828 386 862 ne
392 814 491 877 gratiam
499 814 608 864 novimn's
614 822 638 862 et
647 814 738 871 florem,

56 894 114 943 que
132 877 301 927 oratiunculam
321 878 387 927 illem
407 880 443 927 vel
461 880 564 928 maxime
580 879 737 937 commendat,

58 942 164 1006 epistole
173 942 311 1005 loquacitate
320 959 468 1008 precerpam.
485 939 552 1005 Vale.

198 1136 266 1196 (21.)
285 1138 313 1185 C.
326 1139 424 1185 Plinius
436 1138 502 1202 Rufi)
513 1153 555 1187 ruo
566 1140 592 1186 S.

92 1263 263 1312 Descenderam
273 1265 299 1313 in
305 1265 423 1314 basilicam
432 1266 451 1314 J
451 1267 534 1328 uliam,
544 1267 673 1326 auditurus,
682 1266 736 1330 qui-

61 1329 107 1376 bus
117 1329 223 1393 proximi
233 1331 471 1394 comperendinatione
486 1332 622 1396 respondere
632 1331 736 1379 debeam.

61 1392 179 1442 Sedebcnt
187 1393 292 1454 judices3
310 1394 432 1444 decemviri
443 1405 568 1454 venerant3
584 1397 735 1444 obversaban-

59 1467 100 1506 tur
110 1457 229 1506 advocati:
246 1459 363 1507 silentium
373 1460 486 1524 longum
504 1461 596 1508 tandem
610 1476 625 1507 a
639 1469 737 1523 pretore

59 1522 166 1570 nuntius.
182 1522 340 1572 Dimittuntur
350 1525 501 1572 centumviri:
515 1525 624 1572 eximitur
631 1525 687 1585 dies,
696 1540 737 1572 me

59 1585 186 1651 gaudente,
203 1588 244 1651 qui
262 1602 384 1652 nunquam
402 1589 435 1636 its
453 1598 546 1652 paratus
566 1604 626 1642 sum,
645 1598 736 1636 utnon

60 1650 128 1699 mori
134 1651 205 1699 laeter.
223 1651 300 1700 Causa
305 1653 430 1713 dilationis,
439 1654 519 1716 Nepos
526 1662 619 1716 praetor,
628 1653 669 1715 qui
679 1653 737 1714 legi-

60 1718 107 1765 bus
118 1716 208 1779 querit
227 1717 381 1780 Proposuerat
390 1719 460 1764 breve
467 1717 584 1773 edictum
599 1716 737 1763 admonebat

60 1788 212 1840 accusatores,
231 1781 369 1829 admonebat
387 1796 447 1842 reos,
465 1789 627 1828 exsecuturum
644 1796 667 1827 se
684 1796 738 1842 quae

60 1846 268 1893 senatis-consulto
279 1846 456 1893 continerentur.
483 1846 580 1893 Suberat
591 1843 663 1892 edicto
672 1859 738 1891 sene-

60 1910 257 1958 tur-consultum:
269 1909 313 1958 hoc
319 1925 407 1969 omnes,
416 1911 457 1974 qui
464 1910 520 1973 quid
526 1909 612 1973 negotii
618 1909 736 1965 haberent,

57 1973 738 2102 mun

62 2104 111 2152 His
122 2103 185 2150 enim
196 2103 279 2163 verbis,
290 2119 318 2151 ac
331 2103 396 2151 mille
410 2056 528 2168 proicies,
539 2113 562 2152 et
576 2073 652 2152 veiire
666 2103 737 2151 advo·

62 2168 164 2216 cationes
174 2174 198 2215 et
208 2167 255 2214 emi
265 2170 407 2215 vetabuntur.
431 2169 531 2217 Peractis
542 2177 620 2216 temen
631 2168 737 2230 negotiis,
754 2194 758 2201 ·

61 2231 239 2297 pemrittebatur
259 2232 380 2296 pecuniam
401 2233 516 2281 duntaxat
536 2233 614 2281 decem
635 2232 738 2279 millium

62 2297 126 2345 dare.
142 2295 196 2344 Hoc
206 2295 266 2344 fecto
277 2296 375 2360 Nepotis
386 2307 514 2345 commotus
527 2306 621 2360 praetor,
633 2296 674 2358 qui
685 2310 739 2343 cen-

61 2359 740 2424 tumviralibuspresidebatdeliberaturuaansequerenrr
842 2414 846 2423 .

62 2424 209 2500 exempium,
224 2425 369 2500 inopinatum
383 2426 449 2500 nobis
459 2426 533 2473 otium
544 2425 614 2500 dedit
622 2489 632 2535 l
641 2423 738 2472 interim

493 2498 626 2616 snus
632 2489 740 2611 aste

63 2627 118 2666 ante
127 2617 192 2666 hunc
201 2627 308 2681 pretores
316 2633 362 2666 non
372 2619 485 2666 fuerunt?
497 2619 557 2678 Quis
565 2628 643 2666 autem
652 2619 689 2665 hio
696 2625 739 2676 est,

62 2683 105 2747 qui
116 2682 224 2730 emendet
232 2683 337 2758 publicos
349 2698 424 2731 mores
431 2681 460 2731 ?”
482 2683 534 2730 Alii
548 2693 634 2742 contra,
648 2685 664 2712 “
677 2683 739 2729 Rec-

62 2747 152 2795 tissime
162 2746 224 2805 feeit,
234 2747 334 2794 ruiturus
343 2747 518 2810 magistratum:
528 2749 582 2808 jure
592 2747 736 2810 recognovit:

63 2811 350 2874 senatos-eonsululegit:
359 2812 463 2875 reprimit
467 2811 601 2860 foedissimes
608 2812 723 2875 pactiones
731 2829 738 2857 r

64 2875 549 3004 epiiiiiimeffiiiiiiffidmii
561 2875 742 2989 ruffi

375 2975 383 3002 7
