1718 3344
187 474 299 524 PLINII
316 476 570 528 PANEGYRICUS
588 478 739 533 511337

66 603 483 668 oculisnostriscoetuqueeonmmis?
503 606 556 653 Non
569 562 738 654 remissionibus

68 669 117 716 tuis
127 667 207 721 eadent
217 667 354 730 frequentia,
365 669 491 733 eademque
500 671 541 717 illa
551 670 676 718 sodalitas
668 678 739 717 unter-

68 735 125 780 est?
136 731 189 779 Non
198 731 240 779 tibi
248 748 337 795 semper
344 733 525 793 inmediocibus,
533 749 667 798 semperque
672 749 738 781 men-

68 811 95 844 sa
104 796 250 844 eommunis?
268 797 323 844 Non
334 813 363 844 ex
373 798 477 846 convictu
485 808 562 846 nostro
568 806 651 846 mutua
656 798 738 861 volup·

14 908 17 917 Α
67 863 125 908 tes?
143 860 199 907 Non
209 875 316 922 provoeas
324 860 444 925 reddisque
454 866 587 911 sermones?
599 862 667 910 Non
660 877 737 926 rpsum

66 933 160 997 tempus
175 924 295 986 epularum
305 934 407 986 tuarum,
419 941 472 974 cum
480 926 599 989 frugalitas
610 926 737 985 contrahat,

67 987 171 1036 extendit
180 987 331 1036 humanitas?
349 989 404 1037 Non
415 990 485 1045 enim,
497 999 550 1038 ante
559 992 664 1038 medium
674 989 736 1038 diem

14 1108 16 1112 ¹
67 1052 181 1100 distentus
191 1052 292 1127 splitariis
302 1054 374 1112 cenni,
385 1063 497 1130 spectator
507 1064 672 1118 annotamrque
682 1069 736 1102 con·

67 1115 126 1164 vivis
144 1116 189 1164 tuis
205 1116 326 1165 immines:
343 1132 385 1166 nec
397 1118 482 1179 jejunis
497 1127 520 1166 et
529 1119 637 1167 inanibus
652 1119 736 1181 plenus

66 1180 116 1244 ipse
126 1188 150 1228 et
159 1189 258 1239 metans,
270 1196 316 1228 non
326 1190 375 1229 tam
382 1182 486 1245 apponis,
496 1183 653 1246 quamobjicis
664 1183 734 1241 cibos,

67 1260 126 1308 quos
136 1244 264 1307 dedignetis
274 1245 399 1308 attingere3
411 1263 516 1310 aegreque
525 1262 645 1311 perpessus
655 1263 735 1310 super-

66 1310 122 1357 bam
132 1308 198 1356 illam
208 1309 323 1357 convictis
333 1310 510 1367 simulationem
518 1327 597 1359 rursus
603 1321 626 1360 te
635 1311 666 1359 cd
673 1313 734 1358 elan-

66 1372 179 1420 destinam
191 1387 288 1435 ganeam
303 1374 464 1437 oecultumque
478 1345 562 1422 Initum
576 1375 653 1423 refers.
670 1375 734 1438 Ergo

65 1451 112 1485 non
120 1451 213 1495 aurum,
224 1451 266 1485 nec
276 1447 405 1500 argentum,
414 1453 456 1486 nec
466 1439 580 1500 exquisita
589 1439 733 1501 ingeniante·

64 1515 157 1560 narum,
169 1501 209 1548 sed
218 1502 353 1549 suavitatem
361 1511 425 1549 tuam
434 1502 655 1566 jucunditatemque,
663 1503 733 1550 mirc-

64 1581 135 1621 ιιιιιις
159 1565 244 1629 quibus
262 1567 327 1612 nulia
343 1567 433 1613 satietas
447 1565 518 1623 adest,
528 1566 664 1676 1puando'
647 1582 733 1615 smeera

64 1629 154 1704 omnia,
164 1639 187 1676 et
197 1645 258 1688 veta,
271 1638 294 1677 et
303 1638 384 1677 ornata
393 1629 510 1692 gravitate.
553 1646 612 1693 eque
620 1630 681 1677 enim
692 1640 733 1679 aut

107 1693 191 1756 egrinae
202 1693 368 1756 superstitionis
378 1693 496 1757 mysteria,
503 1702 543 1741 aut
554 1696 659 1742 obscoena
665 1703 732 1768 petu-

63 1708 145 1832 fitia,
156 1757 241 1805 mensis
248 1757 360 1821 Principis
371 1761 474 1806 oberret:
492 1758 532 1805 sed
542 1757 655 1821 benigna'
649 1758 731 1805 unvita-

64 1822 106 1879 tio,
122 1830 145 1870 et
154 1821 275 1869 liberales'
266 1822 320 1883 Joci,
332 1831 355 1869 et
372 1822 500 1870 studiorum
515 1822 594 1869 honor.
617 1821 684 1869 Inde
689 1822 731 1877 tibi

64 1901 147 1949 parcus
157 1894 180 1933 et
186 1887 260 1933 brevts
268 1901 371 1943 somnus,
378 1886 517 1948 nullumque
523 1900 600 1934 amore
608 1886 680 1933 nostri
690 1900 731 1933 an·
761 1927 764 1936 .

63 1950 155 2013 gustius
163 1959 263 2013 tempus,
272 1965 343 2013 quam
354 1949 445 2013 quod
427 1965 475 1997 stne
485 1950 551 1998 nobis
560 1949 616 2013 agis.

97 2012 169 2078 (50)
185 2013 240 2071 Sed,
251 2029 305 2062 cum
320 2017 388 2062 rebus
399 2014 444 2062 tuis
455 2023 482 2060 ut
495 2014 616 2089 participes
626 2014 730 2079 perfrus»

63 2093 126 2135 mur,
137 2094 190 2142 qnae
200 2047 329 2126 hesitemus
322 2079 374 2140 1psi‚
383 2093 454 2141 quam
464 2078 564 2142 propria,
572 2095 643 2142 quam
653 2088 730 2128 nostra

64 2143 135 2190 sunt!
153 2142 209 2189 Non
220 2142 291 2199 enim,
303 2143 429 2190 exturbans
439 2143 667 2206 prronbusdommrs
678 2159 729 2192 om·

62 2221 93 2254 ne
103 2215 219 2284 stagnum,
236 2221 329 2254 omnem
341 2208 427 2265 lacum,
438 2222 532 2254 omnem
548 2207 617 2255 etism
634 2208 727 2267 saltum,

62 2268 176 2319 immensa
243 2270 329 2319 ensium
342 2271 506 2328 circumvenis;
523 2286 565 2318 nec
579 2271 647 2318 unius
656 2272 729 2319 oculis

63 2335 170 2394 flumine,
191 2343 264 2391 untes,
275 2335 348 2382 muria
358 2334 494 2384 deserviunt
518 2334 569 2409 Est,
578 2334 641 2398 quod
652 2333 729 2383 Caesar

61 2414 109 2449 non
124 2415 193 2447 suum
208 2398 301 2456 videat,
322 2399 480 2462 tandemque'
473 2399 596 2473 imperium
604 2399 727 2462 Principis,

61 2479 133 2538 quam
140 2463 313 2537 patrimonium,
322 2479 398 2525 majus
404 2472 446 2512 est
463 2463 543 2511 Multa
550 2463 612 2510 eninr
621 2478 650 2512 ex
657 2463 728 2526 petri·

61 2527 141 2577 monio
151 2526 235 2575 refert'
228 2543 253 2574 m
263 2527 395 2590 imperium,
407 2544 459 2591 quae
470 2527 554 2591 priores
566 2526 682 2590 Principes
690 2543 728 2576 oc·

61 2593 186 2666 eupabant,
197 2606 244 2639 non
255 2600 282 2639 ut
292 2591 337 2655 ipsi
351 2591 489 2650 fruerentur,
501 2591 541 2640 sed
551 2607 581 2640 ne
597 2591 727 2655 quisalius.

58 2656 142 2721 Ergo'
135 2671 161 2703 ιιι
171 2655 265 2731 vestigia
279 2655 388 2718 sedesque
398 2656 528 2704 nobilium
521 2655 727 2719 smmigrantpares

58 2720 163 2778 domini3
180 2735 223 2768 nec
228 2721 278 2781 jam
289 2719 497 2773 clarissimorum
476 2736 577 2768 urorum
587 2720 727 2783 receptacuh

59 2787 190 2836 habitatore
197 2799 263 2832 servo
273 2793 387 2842 teruntur,
395 2791 436 2830 aut
443 2783 613 2832 foedivestitate
619 2799 726 2857 procum-

58 2855 128 2902 bunt
136 2848 231 2896 Datur'
223 2848 308 2896 intueri
318 2846 483 2911 pulcherrimas
493 2848 560 2907 edes,
572 2848 660 2895 deterso
670 2846 725 2906 situ,

36 2973 39 2982 Ι
58 2924 138 2966 auctas
147 2912 290 2976 scvigentes.
309 2912 427 2974 Magnum
433 2911 477 2960 hoc
485 2920 564 2968 tuum,
570 2910 730 2979 nonesuptm-

55 2983 132 3030 mines
140 2977 217 3039 modo,
227 2976 268 3026 seu
278 2993 334 3042 erga
344 2976 420 3052 tecte.
414 2993 468 3043 tpsn
476 2977 605 3033 meritum,
608 2969 751 3021 s'xatererxix=

542 3047 562 3088 ‘2
572 3053 591 3085 n
