1718 3344
243 502 356 553 Pn1N11
377 503 486 553 EPIST.
503 504 534 552 V.
550 508 573 554 9.
694 508 739 556 125

62 634 214 699 potissimum
230 641 336 697 tempora
353 633 480 696 aggrediar.
504 634 590 682 Vetera
611 643 634 682 et
655 636 739 700 scripta

62 700 133 748 aliis?
149 706 230 763 persta
239 697 367 761 inquisitio,
378 698 418 745 sed
428 713 523 746 onerosa
533 699 630 747 collatio.
649 698 739 748 Intacta

63 774 85 812 et
96 766 178 812 nova?
194 778 275 826 graves
285 762 386 819 offensae,
399 762 456 810 levis
466 763 547 825 gratis.
573 765 647 820 Nam,
656 774 739 826 praeter

63 829 96 889 id,
108 827 182 892 quod,
198 827 224 875 in
237 827 308 875 tantis
323 826 385 874 vitiis
401 826 533 888 hominum,
544 828 613 891 plura
623 829 738 890 culpanda

63 901 119 943 sunt
132 907 206 956 quum
218 891 343 950 laudande,
354 899 415 947 tum,
427 891 446 939 si
456 892 593 950 laudaveris,
605 908 700 955 parcus3
718 894 738 941 si

63 956 200 1021 tsrlpsrerr's,
212 955 308 1013 nimius,
316 955 387 1003 fuisse
397 955 494 1012 dicaris;
507 958 613 1020 quamvis
621 957 680 1004 illud
688 958 739 1021 ple-

62 1022 167 1079 nissime,
177 1020 222 1069 hoe
232 1019 397 1068 restrictissime
412 1020 499 1068 fereris.
525 1022 572 1070 Sed
582 1022 631 1069 haeo
641 1037 679 1069 me
690 1037 737 1070 non

62 1085 196 1141 retardentz
208 1092 243 1133 est
252 1084 315 1132 enim
325 1083 385 1131 mihi
396 1099 437 1146 pro
447 1084 493 1131 fide
503 1086 557 1133 satis
567 1086 647 1134 animi.
663 1085 737 1148 lllud,

63 1160 127 1213 peto,
137 1156 282 1213 prosternes,
293 1148 323 1196 nd
334 1149 397 1211 quod
407 1149 504 1197 hortaris
512 1166 520 1207 ;
537 1151 654 1214 eligasque
664 1161 738 1199 niste-

63 1214 133 1271 fiam,
144 1229 174 1261 ne
183 1213 251 1271 mihi,
260 1214 311 1273 jam
322 1212 419 1260 scribere
428 1222 516 1276 parato,
525 1215 571 1262 alia
581 1231 660 1263 rursus
670 1231 739 1264 cunc-

66 1278 161 1326 tationis
172 1288 195 1326 et
204 1292 276 1324 morae
284 1278 348 1339 justa
358 1277 415 1324 ratio
426 1288 538 1326 nascatur.
556 1280 624 1327 Vale.

178 1469 233 1537 (9.)
251 1472 280 1519 C.
292 1472 390 1519 Plinius
400 1473 531 1519 Saturnino
541 1487 583 1519 tuo
594 1475 620 1521 S.

93 1602 168 1651 varie
177 1616 216 1649 me
225 1600 349 1649 affecerunt
359 1599 431 1648 literae
441 1608 502 1647 tuae:
514 1615 570 1648 nam
580 1602 665 1664 partim
675 1603 737 1664 lata,

58 1667 148 1731 partim
164 1666 239 1714 tristia
253 1665 407 1714 eontinebsnt.
424 1665 499 1723 lanta,
516 1665 578 1727 quod
595 1673 618 1712 te
634 1667 659 1712 in
673 1668 739 1715 Urbe

34 1738 37 1743 '
59 1731 134 1781 teneri
148 1730 293 1779 nuntiabant.
321 1729 426 1788 Nollem,
445 1728 536 1791 inquis:
555 1728 594 1776 sed
610 1745 653 1792 ego
670 1731 737 1779 volo:

75 1804 179 1855 reseres,
190 1796 253 1858 quod
262 1795 411 1843 recitaturum
423 1792 508 1852 statim,
517 1801 545 1841 ut
554 1793 675 1854 venissem,
686 1796 739 1858 pol-

70 1862 76 1871 ’
102 1863 196 1909 bantur.
213 1858 366 1922 Agogratius,
374 1858 437 1921 quod
443 1865 569 1920 exspecter.
585 1857 663 1906 Triste
669 1858 737 1918 illud,

60 1924 127 1989 quod
134 1924 216 1973 Julius
223 1924 308 1971 Vulens
315 1923 414 1986 graviter
419 1924 494 1984 jocetz
507 1938 649 1986 quamquem
657 1923 738 1971 nehoo

61 1989 158 2054 quidem
163 1989 236 2047 triste,
243 1988 263 2035 si
270 1989 333 2036 illius
340 1987 478 2035 utilitatibus
486 1987 618 2047 aestimetur,
625 1989 692 2049 cujus
703 1989 739 2035 in-

61 2062 134 2102 terest
143 2068 216 2118 quum
222 2052 377 2101 maturissime
382 2051 539 2115 inexplicabili
546 2054 627 2100 morbo
637 2053 737 2101 liberari.

61 2118 131 2167 Illud
139 2119 210 2182 plane
227 2131 274 2164 non
290 2117 354 2165 triste
369 2116 453 2176 solum,
465 2132 546 2164 rerum
561 2117 631 2165 etiam
646 2117 738 2166 luctuo-

61 2198 127 2241 sum,
155 2183 202 2230 uod
212 2181 291 2231 Julius
301 2181 388 2230 Avitus
398 2181 500 2240 decessit,
511 2181 568 2228 dum
580 2196 609 2229 ex
620 2182 737 2246 quaesturi

59 2248 130 2296 redit.
138 2199 330 2295 llieoessitautem
337 2246 362 2294 in
370 2261 436 2305 nave,
444 2246 523 2308 procul
531 2246 621 2294 afratre
627 2247 737 2295 amantis-

60 2312 130 2367 simo,
138 2312 220 2375 procul
230 2327 244 2358 a
254 2319 335 2367 matre,
347 2327 362 2358 a
369 2311 489 2359 sororibus.
507 2310 576 2358 Nihil
582 2311 627 2359 ista
634 2311 664 2358 ad
674 2326 736 2358 mor-

61 2386 133 2424 tuum
146 2376 275 2439 pertinent3
293 2375 332 2423 sed
346 2374 514 2438 pertinuerunt,
530 2390 584 2422 oum
594 2384 736 2423 moreretur:

60 2441 181 2505 pertinent
191 2440 220 2487 ad
230 2440 281 2499 hos,
293 2440 334 2502 qui
343 2448 471 2503 supersunt.
499 2439 566 2497 Jnm,
578 2439 640 2502 quod
648 2440 673 2486 in
683 2440 738 2486 dore

59 2506 139 2570 primo
146 2512 216 2552 tantae
223 2503 306 2552 indolis
310 2505 401 2565 juvenis
407 2503 533 2551 exstinctus
539 2512 581 2563 est,
587 2519 678 2551 summa
685 2519 739 2551 oon-

60 2578 192 2629 seeuturus,
202 2569 323 2617 sivirtutes
331 2569 381 2629 ejus
388 2567 558 2615 maturuissent.
579 2568 634 2626 Quo
642 2569 681 2615 ille
690 2579 738 2615 stu-

60 2635 156 2682 diorum
171 2649 249 2681 amore
265 2633 393 2696 flagrabat!
410 2642 524 2696 quantum
535 2633 605 2695 legit!
623 2642 739 2696 quantum

54 2699 133 2748 etiam
140 2697 243 2774 scripsit!
256 2714 309 2762 quae
316 2697 463 2745 nunoomnia
470 2711 525 2745 cum
533 2697 592 2760 ipso,
601 2697 650 2744 sine
658 2698 735 2744 fructu

54 2763 211 2828 posteritatis,
221 2762 334 2811 abierunt
349 2761 395 2810 Sed
405 2761 463 2825 quid
473 2776 516 2824 ego
526 2761 635 2825 indulgeo
646 2762 739 2811 dolori?

59 2827 101 2877 oui
110 2828 133 2877 si
141 2828 218 2877 frenios
228 2827 339 2887 remittas,
351 2827 416 2873 nulla
425 2826 521 2874 materia
531 2841 578 2874 non
588 2826 739 2873 maximaest.

59 2893 148 2943 Finem
158 2892 261 2956 epistolar
271 2892 364 2950 fariam,
375 2898 402 2937 ut
409 2890 483 2938 fauere
492 2891 578 2954 possim
589 2890 659 2938 etiam
666 2891 741 2953 lacry-

59 2958 114 3016 mis,
127 2972 188 3022 quas
197 2956 293 3023 epistole
303 2955 421 3021 expressit·
440 2954 507 3004 Vale.

558 3085 610 3132 ΜΒ
