1718 3344
221 491 333 544 ann
356 492 464 544 nrls'r.
481 493 514 542 X·
532 495 572 544 w·
681 490 732 547 ¹⁷⁸

222 686 292 751 (ω.)
313 689 431 753 Tramas
442 688 561 740 raons

94 812 199 862 Libellus
209 815 378 880 Apameornm,
390 833 461 882 quem
471 815 573 881 epistolia
585 822 633 863 tue
645 814 730 876 junxe-

59 893 108 938 ras,
125 879 212 928 remisit
227 881 286 928 mihi
301 883 457 930 necessitatem
473 879 636 946 perpendendi,
652 877 731 941 qualia

60 952 144 1001 oeaent,
154 953 247 1056 prppter
256 962 310 1010 quie
319 947 391 994 videri
401 947 491 1004 volunt,
507 960 552 1004 eos,
564 944 606 1009 qui
620 959 662 1007 pro
676 956 731 990 oon·

61 1007 152 1056 solibus
208 1010 372 1073 aprovinoiam
381 1011 539 1069 obtinuenrnt,
550 1008 685 1057 abstinuisse
695 1007 731 1053 in-

60 1073 199 1134 spectatione
209 1074 324 1122 rationum
338 1091 441 1130 suarum,
453 1090 507 1122 oum
521 1074 599 1138 ipsum
609 1082 641 1132 te,
651 1081 679 1120 ut
693 1086 731 1119 eas

60 1135 190 1199 inspiceres,
200 1153 247 1186 non
254 1141 413 1188 recusaverint.
430 1136 667 1188 Remunerandaest'
685 1136 731 1183 'tur

60 1201 163 1263 probitas
177 1217 265 1261 eorum,
280 1212 307 1251 ut
320 1205 370 1266 jam
384 1204 537 1262 truncationi,
548 1203 600 1262 hoc,
616 1218 648 1266 qu
694 1200 731 1247 in·

61 1273 181 1328 spectums
191 1283 223 1327 es,
238 1283 267 1315 er
281 1268 335 1316 mei
344 1269 470 1330 voluntate,
484 1268 561 1328 salvis,
573 1283 626 1332 quie
636 1267 730 1324 habent,

60 1328 193 1394 privilegiis,
205 1347 253 1380 esse
262 1330 385 1381 fectumm.

129 1524 199 1589 (se)
218 1529 247 1578 c.
259 1529 357 1579 Pinnem
371 1530 474 1594 asnjam
484 1531 629 1591 1mperatori
639 1530 666 1577 s.

94 1653 159 1702 Ante
176 1655 301 1705 adventum
318 1673 407 1718 meum,
425 1656 535 1715 Domine,
553 1654 731 1703 Nioomedenses

62 1717 134 1782 priori
144 1719 194 1768 foro
204 1735 290 1769 novum
298 1722 396 1784 adjicere
406 1731 531 1785 ooeperunt‚
540 1720 638 1782 eujusin
648 1717 734 1781 angrrlo
771 1726 773 1730 ⁴

64 1791 100 1831 est
110 1783 168 1832 aedes
179 1786 331 1834 vetustissima
341 1787 427 1834 Matris
438 1787 543 1848 Magno,
554 1792 594 1832 aut
604 1781 733 1840 reficienda,

64 1856 107 1895 aut
116 1849 281 1909 transferenda,
295 1854 325 1899 ob
338 1852 381 1899 hoo
395 1852 519 1914 praecipue,
534 1849 597 1913 quod
611 1856 645 1895 est
658 1845 734 1894 multo

63 1912 191 1975 depressior
201 1929 269 1978 opere
279 1931 315 1975 eo,
326 1916 389 1980 quod
397 1931 451 1964 oum
462 1914 564 1962 maxime
574 1911 654 1976 surgit.
670 1910 732 1973 Ego,

63 1991 119 2024 cum
129 1992 264 2039 quantem,
275 1995 333 2028 num
345 1989 403 2029 esset
418 1979 497 2091 alipta
509 1979 548 2026 lex
562 1977 623 2025 diota
638 1975 733 2039 templo,

63 2041 168 2103 cognovi,
179 2043 252 2090 alium
262 2045 310 2102 hic,
321 2045 394 2093 alium
404 2061 450 2108 apu
478 2059 528 2104 nos,
539 2058 587 2091 esse
594 2056 682 2089 morem
693 2039 739 2095 tie-¹

64 2104 191 2154 dicationis.
218 2106 312 2172 Dispice
327 2125 389 2173 ergo,
401 2108 512 2168 Domine,
523 2122 552 2156 an
568 2115 635 2170 putas
651 2104 735 2162 sedem,

65 2168 183 2218 oni-nulla
197 2171 236 2219 lex
251 2172 312 2221 diota
326 2183 368 2233 eat,
380 2173 443 2222 salvi
458 2172 567 2236 religione
580 2185 646 2234 poste
660 2178 734 2216 tran*
764 2162 770 2186 ‘

64 2233 139 2362 ffi
152 2233 736 2300 alioquioommodioimumesesireligiononim·

231 2497 301 2557 (59.)
321 2500 439 2562 Trojooor
450 2497 532 2546 Plinio
543 2497 571 2544 S.

103 2624 183 2685 Potes,
193 2627 228 2674 mi
237 2625 473 2687 &euidentissime
484 2626 533 2674 sine
541 2622 692 2674 sollicitudine
701 2637 737 2670 re·

70 2690 171 2754 ligionis
185 2691 205 2738 si
218 2691 263 2739 looi
273 2689 356 2754 positio
365 2690 455 2739 videtur
466 2690 510 2737 hoo
520 2689 654 2748 desiderare,
665 2687 737 2736 edem

70 2755 158 2803 Matris
168 2755 246 2803 Denm
261 2754 382 2803 mosferre
396 2755 420 2801 in
431 2770 492 2812 eam,
503 2770 557 2817 qua
567 2763 601 2802 est
610 2765 739 2800 aooommo-

69 2819 152 2866 (latior.
174 2820 225 2868 Nec
235 2829 258 2868 te
272 2827 371 2874 moveat,
386 2819 449 2881 quod
459 2819 498 2866 lex
512 2817 659 2866 dedioationis
673 2815 739 2862 nulla

68 2883 190 2947 reperitis,
205 2900 259 2932 oum
275 2883 351 2932 solum
366 2883 490 2945 peregrine
501 2882 598 2932 eivitafis
608 2895 681 2944 ospax
691 2893 738 2926 non

20 2981 23 2984 »
71 2947 102 2996 sit
111 2947 267 3011 dedinationis,
278 2963 331 3014 quie
341 2945 367 2995 fit
376 2956 456 2998 nostro
465 2948 528 3011 ime.
