1718 3344
246 480 358 534 mnu
381 483 490 534 EPIST.
505 483 539 532 X.
555 485 595 533 30.
709 481 755 530 261

87 612 165 675 magis
175 627 202 661 ue
211 613 285 676 mugio
295 614 447 662 necessarium
457 610 567 676 intelligo.
595 609 681 660 Multo
694 608 757 659 enim

87 676 194 741 pectinis
204 677 272 726 variis
282 693 312 726 ex
323 679 396 726 ausis
406 693 421 726 n
431 677 525 741 privetis
535 676 680 724 detinentur:
697 690 757 738 prn-

88 751 152 789 oeree
162 742 268 806 quodum
278 741 375 790 minime
384 741 493 817 legitimis
504 740 618 788 sumtibus
628 747 757 802 erogantur.

89 806 152 853 Haee
167 806 218 865 tibi,
237 806 347 866 Domine,
366 807 390 854 in
408 822 459 870 rpso
477 805 581 868 ingressu
599 819 652 852 meo
671 802 756 866 scripsi.

89 869 182 929 Quinto
198 871 286 919 decimo
303 871 417 919 Calendns
435 870 555 930 Octobres,
574 868 685 934 Domine,
704 882 758 930 pro·

88 935 190 983 vinciam
205 935 301 996 intravi,
309 951 379 999 quem
394 935 419 983 in
433 951 461 983 eo
470 935 587 998 obsequio,
598 934 623 980 in
634 933 661 980 ei
672 947 725 996 erge
735 940 759 980 te

89 999 145 1057 fide,
157 1015 228 1063 quom
240 1000 269 1046 de
282 1015 365 1063 genere
378 1001 480 1048 humano
490 999 591 1058 mereris,
602 997 686 1045 invem.
713 996 759 1043 Di·

90 1063 160 1126 epioe,
173 1064 283 1125 Domine,
301 1079 331 1112 an
352 1064 502 1112 necessarium
520 1072 588 1127 putes
606 1062 696 1110 mittere
711 1061 758 1108 hue

89 1142 234 1176 mensorem:
252 1128 359 1176 vidffltur
374 1126 436 1177 enim
455 1143 502 1175 non
517 1127 641 1176 medioeres
656 1125 759 1190 pecuniae

89 1207 157 1254 posse
175 1193 275 1240 revooari
293 1209 308 1240 a
326 1193 467 1241 curatoribus
485 1207 589 1256 operum,
608 1191 628 1239 si
646 1207 759 1239 mensures

90 1255 188 1304 fideliter
209 1265 313 1320 agantur.
346 1259 385 1305 Ite
405 1266 464 1305 certe
485 1257 597 1320 prospicio
619 1271 648 1304 ex
671 1255 759 1304 ratione

91 1320 252 1383 Prusensium,
263 1337 334 1385 quern
344 1337 398 1371 cum
410 1321 518 1370 Maximo
528 1330 606 1370 uncto.

183 1524 186 1535 ¹
255 1517 327 1582 (29.)
348 1520 466 1582 Trajonm
477 1519 560 1565 Plinio
571 1517 597 1565 S.

125 1645 249 1709 Cuperem,
264 1647 313 1695 sine
327 1646 420 1709 querelis
436 1644 563 1708 eorpusculi
577 1643 613 1691 tui
622 1650 646 1690 et
656 1652 758 1701 tuorum,

90 1711 209 1774 pervenire
220 1711 244 1758 in
255 1711 391 1774 Bithyniam
402 1710 520 1773 potuisses,
534 1724 561 1756 so
575 1707 650 1756 simile
660 1708 702 1755 tibi
716 1707 759 1754 iter

91 1776 122 1823 ab
144 1775 238 1838 Epheso
255 1776 276 1823 ei
295 1775 434 1838 navigationi
452 1773 540 1830 fuisset,
559 1787 631 1836 quem
652 1780 759 1834 expertus

91 1854 167 1902 usque
177 1839 218 1887 illo
225 1856 281 1888 eras.
298 1839 353 1898 Quo
363 1847 441 1887 eutem
450 1838 486 1885 die
497 1837 635 1901 pervenisses
642 1835 667 1882 in
676 1835 760 1897 Bithy·

91 1903 166 1961 niem,
178 1905 281 1967 cognovi,
294 1903 397 1952 Secunde
408 1903 530 1960 carissime,
541 1901 612 1948 literis
623 1900 676 1947 tuis.
702 1900 760 1946 Pro-

92 1967 200 2016 vincisles
217 1968 303 2025 (oredo)
321 1977 467 2032 prospectum
483 1966 527 2014 sibi
543 1982 557 2013 s
570 1981 608 2013 me
624 1964 759 2027 intelligent⁴

92 2032 158 2079 Nom
177 2042 200 2081 et
215 2041 241 2080 tu
255 2032 320 2081 debis
333 2048 435 2107 operam,
451 2040 478 2079 ut
493 2031 641 2079 manifestum
660 2029 690 2077 sit
705 2028 759 2084 illis,

92 2097 191 2144 electum
206 2101 235 2145 te‘
244 2112 301 2157 esse,
313 2112 354 2160 qu1
369 2096 398 2144 sd
410 2095 500 2144 eosdem
513 2095 561 2143 mei
571 2096 621 2142 loeo
631 2092 759 2142 mittereris

92 2160 205 2208 Rationes
223 2170 300 2209 eutem
319 2161 433 2224 imprimis
454 2160 496 2209 tibi
517 2175 593 2207 rerum
615 2159 761 2222 publiearum

91 2225 236 2272 excutiendis
245 2222 300 2273 sunt
308 2243 314 2272 ε
332 2240 386 2272 nom
396 2236 426 2285 et,
436 2241 483 2274 esse
491 2241 528 2273 ees
536 2233 636 2278 vastes,
646 2223 699 2270 sotis
707 2236 761 2269 eon·

92 2297 145 2336 stet.
173 2288 294 2337 Mensores
315 2289 354 2338 via
375 2290 445 2337 etium
465 2289 494 2336 iis
515 2289 629 2352 operibus,
649 2303 702 2349 quae
720 2294 762 2333 aut

93 2354 178 2401 Romae
185 2354 257 2401 autin
265 2355 371 2416 proximo
379 2354 447 2411 fiunt,
456 2350 614 2417 [sufficienter]
622 2351 708 2398 habeor
720 2348 761 2396 sed

91 2418 118 2464 in
129 2418 193 2465 omni
203 2418 320 2480 provincii
333 2418 489 2476 inveniuntur,
502 2417 586 2480 quibus
600 2415 661 2463 credi
674 2412 760 2477 possiti

92 2490 116 2530 et
130 2482 182 2530 ideo
198 2497 244 2530 non
258 2483 355 2530 deerunt
371 2483 421 2544 tibi,
435 2482 505 2530 modo
515 2479 571 2528 velis
586 2479 707 2542 diligenter
720 2492 761 2524 ex·

91 2555 175 2595 cuim

91 2714 95 2727 ι
112 2788 117 2794 ,
160 2739 231 2804 (30.)
250 2744 279 2790 C.
291 2717 389 2791 Piioios
403 2744 506 2805 TroJ'ooo
516 2741 660 2804 Imperatori
672 2741 699 2787 S.

127 2869 205 2934 Rogo,
223 2869 334 2930 Domine,
356 2869 450 2919 oonsilio
469 2885 508 2918 me
525 2884 591 2932 regns
608 2868 761 2924 haeumntem,

93 2943 174 2983 utrum
211 2951 235 2984 er
251 2935 357 3001 publioos
372 2934 496 3014 usitatum
510 2950 590 2984 seruos
603 2931 686 2998 bopsi
695 2941 799 3038 m

88 2999 167 3047 adbuc
194 3001 293 3067 sotum),
309 3018 342 3054 sn
358 3019 402 3070 per
418 3003 520 3059 milites,
534 3011 660 3052 esserum
673 3009 708 3042 eu
