1718 3344
228 437 339 486 PLINII
357 438 610 505 PANEGYRlGUS.
627 441 665 499 66·
730 440 780 503 318

108 580 162 614 rum
175 566 267 625 melius,
279 566 315 613 vel
329 558 460 629 argentqu
477 582 548 631 quam
566 568 631 617 favor
644 569 775 629 hominum,

108 630 223 694 exprimat
232 638 361 694 tenentque.
386 629 457 688 Quod
472 632 566 695 quidem
597 633 669 680 rolixe
682 633 726 681 tibi
735 648 777 681 eu-

108 695 241 757 mulateque
248 694 367 757 contingit,
375 696 441 754 cujus
450 695 569 743 laetissima
578 649 647 744 lanies
657 705 680 744 et
687 697 777 745 amabi·

108 758 227 870 {tamtus
240 757 265 805 in
279 759 385 807 omnium
399 758 484 807 civium
500 775 546 815 ore,
561 760 641 820 oculis,
653 761 732 809 animo
742 776 777 810 se·

144 886 213 951 (56.)
236 885 368 939 Annotisse
384 900 424 933 vos
445 887 619 947 credo‚1’atres
638 888 775 954 Conscripti‚

107 950 249 1013 Jamdudum
261 964 360 998 menon
376 950 466 1012 eligere,
481 967 534 1014 quae
544 953 656 1000 referam:
673 953 776 1016 propom-

109 1027 162 1062 tum
172 1023 206 1065 est
216 1014 278 1062 anun
288 1014 356 1071 mihi,
373 1014 504 1078 Principem
514 1016 617 1074 laudare,
629 1031 675 1065 non
688 1018 777 1066 Princi-

106 1079 145 1142 pis
155 1079 222 1128 facta.
238 1079 265 1126 N
265 1093 304 1125 am
311 1077 436 1126 laudabilia
445 1080 520 1127 multa
530 1080 599 1128 etiam
608 1081 664 1128 mali
673 1081 776 1140 faciunt3

109 1145 159 1208 ipse
173 1142 270 1202 laudari,
288 1142 332 1190 nisi
350 1142 459 1206 optimus,
475 1159 522 1204 non
537 1153 618 1208 potest
634 1145 714 1204 Quare
729 1160 775 1194 non

109 1208 157 1257 alia
172 1208 253 1268 major,
267 1206 397 1269 Imperator
415 1208 531 1270 Auguste,
546 1209 619 1271 gloria
635 1218 684 1268 tua,
704 1225 776 1274 quam

109 1271 174 1337 quod
182 1271 302 1334 agentibus
317 1270 359 1317 tibi
369 1271 453 1334 gratiss
462 1272 521 1319 nihil
531 1273 654 1321 velandum
665 1284 708 1333 est,
717 1273 777 1321 nihil

109 1335 265 1387 omittendum
282 1343 333 1387 aot„
348 1334 413 1394 Quid
424 1344 457 1383 ast
467 1337 529 1383 enim
547 1337 572 1383 in
586 1338 715 1401 principatu
726 1346 776 1396 tuo,

110 1400 175 1464 quod
185 1400 321 1462 cujusquam
331 1399 461 1462 pradicatio
471 1401 508 1448 vel
518 1402 630 1449 transilire
638 1403 674 1449 vel
684 1410 777 1466 praeter·

110 1464 164 1513 vehi
174 1464 273 1511 debeat?
290 1462 362 1521 Quod
368 1471 520 1523 momentum,
531 1465 593 1528 quod
603 1465 675 1513 immo
687 1476 777 1578 tempp·

109 1529 142 1576 ris
149 1536 272 1591 punctum,
283 1535 323 1576 aut
333 1527 442 1575 beneficio
448 1529 531 1588 sterile,
540 1537 581 1575 aut
589 1545 687 1577 vanuum
693 1530 733 1577 lau
764 1529 776 1576 l

110 1594 197 1641 Nonne
207 1592 285 1639 omnia
298 1591 419 1652 ejusmodi,
431 1600 458 1638 ut
467 1591 487 1638 is
497 1592 583 1654 optime
594 1602 616 1640 te
626 1593 732 1642 laudisne
742 1594 777 1641 vi-
834 1589 836 1595 ⁴

52 1683 54 1686 >
109 1658 199 1713 demur,
211 1656 253 1719 qui
262 1655 387 1703 narraverit
395 1655 541 1704 fidelissime?
559 1655 614 1714 Quo
620 1656 655 1718 fit,
667 1665 694 1704 ut
706 1672 777 1721 prope

109 1722 135 1768 in
146 1721 286 1768 immensum
294 1719 436 1767 diffundatur
446 1721 517 1769 oratio
525 1737 590 1768 mea:
610 1730 633 1768 et
642 1722 740 1769 necdum
747 1721 777 1769 de

109 1785 203 1834 biennio
213 1785 302 1848 loquor.
321 1783 400 1840 Quam
412 1785 487 1831 multa
501 1785 551 1832 dixi
565 1785 594 1833 de
604 1786 773 1833 moderatione!

110 1858 135 1898 et
145 1856 231 1913 quanto
239 1849 307 1912 plura
314 1847 389 1897 adhuc
396 1857 482 1895 restant
492 1849 498 1896 i
511 1859 538 1897 ut
548 1849 614 1904 illud,
625 1850 687 1912 quod
695 1863 776 1898 secran-

110 1914 168 1961 dum
179 1913 321 1961 oonsulatum
329 1912 441 1976 reoepisti,
448 1913 503 1975 quia
511 1913 621 1977 Princeps
630 1923 654 1962 et
663 1923 727 1977 pater
735 1913 776 1962 do-

111 1979 205 2026 ferebat
229 1978 269 2033 At,
282 1986 404 2040 postquam
415 1976 446 2024 ad
462 1986 485 2024 te
503 1977 593 2041 imperii
610 1985 776 2037 summumst

111 2057 167 2091 oum
177 2043 282 2089 omnium
291 2056 376 2098 rerum,
384 2050 435 2089 tum
450 2042 519 2089 etiam
532 2043 576 2101 tui,
588 2051 722 2106 potestatem
733 2041 776 2090 Dii

110 2106 291 2162 transtulenint3
315 2105 408 2153 tertium
427 2107 571 2154 consulatum
588 2107 704 2166 recusisd,
721 2121 775 2154 cum

109 2185 177 2234 agere
195 2178 244 2218 tam
259 2172 346 2218 bonum
363 2171 479 2218 oonsulem
495 2186 577 2234 posses.
600 2172 718 2234 Magnum
733 2180 776 2225 est,

107 2235 200 2282 differre
210 2235 336 2291 honorem3
353 2234 459 2297 gloriam,
467 2237 550 2296 majus.
568 2236 665 2283 (laetum
673 2234 777 2282 consula·

111 2309 163 2347 tum
174 2298 252 2359 mirer,
268 2314 298 2346 an
312 2313 358 2346 non
372 2303 508 2361 receptum?
524 2308 615 2362 gestum
629 2313 675 2346 non
691 2298 717 2344 iu
732 2297 777 2346 hoc

109 2363 182 2412 Urbis
192 2363 247 2423 otio,
259 2363 369 2411 etintimo
382 2363 433 2410 sinu
447 2363 509 2426 pacis
518 2379 525 2418 ς
543 2363 583 2410 sed
591 2364 660 2422 juxta
670 2363 778 2409 barbaras

109 2436 207 2492 gentes3
223 2436 251 2474 ut
265 2427 301 2474 illi
314 2428 425 2488 solebant,
440 2428 524 2490 quibus
540 2435 588 2474 erat
598 2427 668 2474 moris
679 2426 777 2490 paluda-

109 2501 189 2540 mento
201 2501 291 2539 mutare
304 2499 447 2554 praetextam,
458 2492 593 2554 ignotasque
603 2499 673 2539 terras
683 2489 777 2540 victorii

110 2555 182 2620 sequi.
201 2555 328 2604 Pulchrum
336 2557 441 2619 imperio,
452 2555 577 2618 gloriosum
587 2555 638 2616 tibi,
647 2571 701 2604 cum
712 2563 735 2604 te
742 2569 777 2603 so·

104 2621 143 2683 ,eii
159 2629 229 2684 atque
243 2620 320 2679 amici,
336 2623 378 2668 suia
393 2621 418 2667 in
430 2621 513 2683 patrii,
525 2620 571 2668 suis
586 2620 611 2667 in
622 2620 722 2680 sedibus,
733 2619 776 2667 ad·

111 2686 195 2733 ierunt.
212 2682 302 2732 Decora
316 2684 400 2732 faciest
417 2684 526 2744 nonnulis,
537 2685 613 2732 multa
622 2693 674 2748 post
683 2684 774 2742 saorla,

110 2749 213 2798 tribunal
223 2749 290 2796 viridi
304 2749 393 2811 caespite
404 2757 553 2807 exarandum,
564 2763 606 2796 nec
615 2749 713 2796 fascium
722 2756 774 2795 tan·

110 2824 172 2872 tum,
178 2813 219 2861 sed
227 2813 328 2876 pilorum
335 2811 498 2875 signorumque
505 2812 591 2860 honore
600 2811 774 2860 circumdatum.

110 2877 236 2940 Augebant
248 2878 391 2938 majestatem
406 2876 548 2940 praesidentis
561 2876 646 2924 diuersi
658 2875 781 2936 posuim-

101 2942 165 2992 ,tium
171 2940 306 3010 dabitunac
314 2939 805 3008 dissouaeuoeas,rainariusaiua'xufflirm
