1718 3344
205 452 317 501 PLINII
336 450 589 525 PANEGYRJCUs.
607 454 646 498 45.
710 450 758 498 333

93 578 247 629 consideratus
256 597 282 629 ac
293 581 391 645 sapiens,
402 582 443 645 qui
453 589 544 629 atatem
559 581 584 627 iu
594 579 693 628 tenebris
703 578 759 641 ogit·

92 641 182 690 Eadem
193 645 280 709 quippe
289 647 333 693 sub
340 645 446 709 Principe
456 645 579 692 virtutibus
589 643 693 707 pramis,
706 657 760 705 quae

92 705 116 752 in
128 707 247 766 libertam
264 724 306 757 nec
321 711 379 757 bene
395 708 456 757 facto
472 716 563 755 tontum
579 723 608 755 ex
623 705 760 755 conscientii
837 732 844 743 =

91 784 184 819 merces.
200 774 276 821 Amas
286 773 436 821 constantiam
445 773 547 828 civium
563 781 680 834 rectosque
690 785 717 818 ac
724 768 760 818 ri-
794 772 796 776 '

91 833 156 882 vidos
167 836 255 884 animos
265 853 318 893 non,
330 837 415 896 otalii,
426 836 547 884 contundis
557 835 707 899 scdeprimis,
719 833 759 881 eod

91 896 154 946 foves
167 909 190 947 et
203 901 295 949 attollis„
317 901 413 949 Prodest
428 903 499 949 bonos
516 916 573 960 esse,
587 915 641 947 cum
658 899 688 945 sit
704 897 759 945 setis

91 963 237 1028 abundeque,
254 965 274 1012 si
287 980 334 1012 non
348 974 429 1013 nocet:
447 965 484 1012 his
493 965 598 1022 honores,
609 964 646 1011 his
656 961 759 1010 sacerdo·

91 1025 132 1085 tia,
144 1027 180 1074 his
189 1029 316 1093 provincias
330 1029 397 1076 offers
406 1047 413 1075 z
430 1029 455 1075 hi
465 1029 566 1076 amicitiis
576 1029 626 1086 tui„
637 1027 662 1074 hi
670 1024 758 1088 judicio

91 1090 180 1137 florent.
196 1093 321 1140 Acuuntur
333 1093 527 1156 istosintcgritstis
544 1099 568 1140 et
577 1091 695 1140 industrio
706 1106 759 1153 pre·

91 1153 124 1201 tio
135 1155 235 1213 similes3
252 1156 373 1205 dissimiles
383 1157 530 1205 alliciuntur:
549 1172 603 1204 nam
611 1155 707 1220 praemia
717 1156 758 1202 bo·

91 1232 175 1266 norum
191 1222 351 1284 malorumque
362 1222 434 1270 bonos
448 1237 475 1270 ac
491 1220 564 1269 melos
573 1220 667 1268 faciunt.
685 1217 759 1266 Pauci

90 1281 148 1330 odeo
166 1278 258 1347 ingenio
275 1285 361 1346 valent,
380 1294 407 1333 ut
427 1300 474 1333 non
496 1295 563 1348 turpe
579 1285 757 1347 honestumque,

91 1355 161 1408 prout
176 1350 234 1396 bene
245 1365 271 1397 ac
282 1365 345 1397 secus
355 1350 430 1409 cessit,
445 1359 553 1413 expetant
563 1349 696 1412 fugiantre;
713 1362 757 1395 cre-

90 1410 142 1469 teri‚
154 1412 194 1459 ubi
204 1412 287 1461 laboris
295 1413 390 1472 mertia,
401 1412 525 1476 vigilantiae
537 1427 627 1471 somno,
637 1411 757 1475 frugalite-

89 1473 120 1521 tis
130 1475 237 1535 luxurior,
251 1492 336 1525 merces
349 1477 424 1538 datur,
440 1476 519 1524 eadem
536 1477 587 1534 ista,
603 1476 688 1541 quibus
701 1475 758 1522 alios

89 1538 178 1587 artibus
196 1549 308 1589 assecutos
329 1541 414 1598 vident,
436 1549 608 1588 consectantur:
633 1540 758 1603 qunlcsque

90 1611 146 1712 piant
155 1603 198 1666 illi,
209 1606 264 1653 tales
275 1621 322 1653 esse
332 1614 355 1653 et
365 1605 435 1654 videri
445 1605 540 1661 volunt3
557 1613 589 1663 et,
600 1604 657 1651 dum
666 1605 756 1662 volunt,

108 1677 158 1714 unt·

124 1731 193 1794 (45.)
205 1734 238 1782 Et
248 1734 333 1798 priores
343 1734 437 1798 quidem
448 1733 574 1796 Principes,
587 1741 681 1794 excepto
691 1737 756 1795 patre

90 1802 139 1849 tuo,
152 1808 260 1860 praeterea
275 1813 322 1846 uno
337 1807 377 1846 aut
392 1799 472 1856 altero,
491 1803 524 1850 (et
536 1795 605 1844 nimis
622 1795 681 1854 diri)
695 1794 756 1842 vitiis

90 1859 167 1922 potius
177 1862 262 1911 civium
272 1879 343 1926 quam
354 1862 630 1914 virtutibuslaetabantura
643 1860 755 1923 primum,

91 1925 154 1988 quod
163 1925 188 1972 in
203 1927 300 1975 aliosne
314 1942 429 1992 quemque
444 1935 525 1973 natura
535 1925 646 1979 delectat3
665 1922 755 1982 deinde,

90 1989 154 2099 puod
164 1990 308 2053 patientiores
321 1991 434 2040 servitutis
448 1991 624 2047 arbitrabantur,
641 2003 698 2052 quos
708 2001 755 2035 non

107 2063 178 2101 cceret
190 2071 237 2103 csse
247 2054 290 2103 nisi
301 2071 383 2104 servos.
401 2056 494 2104 Horum
502 2054 527 2100 in
534 2054 610 2101 sinum
618 2051 696 2100 omnio
703 2066 757 2099 cou-

89 2119 213 2179 gerebant:
237 2121 307 2168 bonos
321 2130 399 2168 autem
413 2118 459 2167 otio
477 2127 518 2166 aut
534 2119 579 2165 situ
593 2119 717 2174 obscurem,
733 2123 756 2162 et

90 2181 157 2243 quasi
167 2183 275 2246 sepultos,
289 2199 344 2245 non,
358 2184 402 2232 nisi
412 2182 563 2231 delationibus
578 2191 601 2230 et
614 2181 720 2245 periculis
731 2179 756 2226 in

89 2244 166 2292 lucem
180 2263 207 2295 ac
222 2247 284 2295 diem
315 2248 448 2296 rofecebont.
473 2247 513 2294 'ru
529 2246 614 2294 amicos
624 2260 653 2292 ex
663 2243 756 2306 optimis

90 2308 162 2372 legis3
181 2320 203 2359 et
219 2265 330 2372 (heroii)
345 2328 438 2376 aequum
453 2321 495 2370 est,
513 2325 561 2357 esse
578 2325 615 2357 eos
630 2307 756 2355 consumor

89 2373 151 2421 bono
162 2375 272 2439 Principi‚
282 2377 323 2439 qui
332 2377 400 2424 invisi
410 2377 472 2423 malo
482 2373 574 2420 fuerint.
594 2372 651 2430 Scis,
663 2381 690 2418 ut
700 2378 755 2417 sunt

89 2436 177 2486 diversi
187 2441 270 2487 naturis
282 2441 407 2488 dominatio
417 2448 439 2486 et
450 2438 598 2502 principatus,
607 2437 640 2484 ito
649 2449 696 2482 non
704 2434 756 2482 aliis

90 2516 139 2549 esse
147 2504 278 2567 Principem
289 2504 418 2567 gratiorem,
434 2518 505 2567 quam
513 2503 554 2565 qui
568 2501 670 2548 maxime
680 2499 755 2546 domi-

89 2578 147 2613 num
157 2577 287 2630 graventur.
304 2569 356 2616 Hos
364 2566 537 2631 ergoprovehis,
545 2562 756 2676 etostentoszpuasi

90 2631 203 2694 specimen
215 2642 238 2680 et
248 2633 373 2696 exemplar,
385 2647 438 2694 quae
447 2631 489 2678 tibi
500 2640 559 2678 secta
569 2630 630 2689 vitoe,
642 2644 674 2691 qu
714 2627 757 2674 ho·

90 2695 180 2743 minum
191 2712 264 2759 genus
273 2697 362 2761 placeat
371 2713 378 2741 ε
396 2705 419 2742 ot
428 2695 479 2742 ideo
487 2709 534 2742 non
541 2709 660 2743 censuram
670 2692 754 2748 adhuc,

89 2773 136 2806 non
146 2756 304 2824 praefe'cturam
315 2773 407 2807 morum
417 2758 527 2821 recepisti,
542 2759 598 2822 quia
608 2757 658 2815 tibi,
670 2754 756 2804 benefi-

88 2823 129 2871 ciis
168 2824 213 2872 tius
221 2822 412 2888 quamremediis‚
421 2820 698 2884 ingenionostraexperiri
706 2819 756 2882 pla·

89 2898 131 2939 cet
166 2899 175 2935 t
185 2889 271 2951 alioqui
278 2889 361 2946 nescio,
372 2901 402 2932 an
409 2886 462 2950 plus
470 2886 572 2934 moribus
579 2885 679 2934 conferat
687 2883 755 2953 Prin·

68 2964 71 2975 ·
90 2969 150 3016 ceps,
163 2953 202 3018 qui
214 2954 284 3002 bonos
296 2967 344 3002 esse
354 2950 453 3018 patitur,
463 2965 540 3016 quam
548 2950 593 3014 np'n
601 2949 675 3009 insis-
683 2946 775 2990 iim·
