1718 3344
40 104 47 119 ‘
137 125 187 171 eoo
253 118 367 167 rmnn
391 115 650 166 senseramus
668 118 708 164 oe.

844 184 855 213 d

138 249 320 299 mteeodmtium
330 248 441 295 honorem
451 246 522 294 burm
532 254 574 293 aut
581 246 718 295 consulatui
726 246 809 302 babuit,
847 218 854 261 ι

139 324 181 362 aut
190 314 296 378 populo?
318 313 374 360 Non
386 311 434 370 alii,
445 303 541 358 marcidi
555 325 648 369 somno,
666 310 811 373 hestemique

141 379 205 427 omni
223 376 384 431 redundantes,
399 375 544 424 comitiorum
556 390 656 422 suorum
672 376 769 424 nuntios
777 390 812 437 op·

141 440 305 517 periebantur?
321 441 361 488 alii
379 455 433 488 sane
449 438 570 503 pervigiles
585 449 609 486 et
625 439 759 498 insomnes,
779 437 812 486 sed

143 514 204 553 intra
214 505 299 553 cubilia
306 521 356 563 sua,
367 504 414 552 illis
424 504 479 567 ipsis
490 502 633 563 oonsulibus,
641 520 657 552 a
668 506 757 569 quibus
767 518 813 552 oon-

144 570 206 618 sules
216 570 414 628 renuntiabautur,
429 567 510 615 exsilia
519 576 542 615 et
551 567 640 615 eaedem
651 569 813 616 machinaban-

144 643 183 681 tur
192 636 203 681 Ρ
221 633 244 681 Ο
254 649 326 696 prava
336 642 359 681 et
368 632 439 681 inscia
446 648 505 679 verte
510 632 640 692 majestatis
648 633 758 688 ambitio,
767 647 814 681 oon·

144 697 384 760 cupiseerehonorem,
391 713 461 760 qun
469 696 745 760 dedgnemffignari,
751 711 814 762 quem

145 761 285 835 mnoupieris
293 778 300 806 ε
317 776 418 835 cumque
427 776 458 809 ex
467 758 579 835 prorimis
586 760 662 809 hortis
671 762 789 826 Campum
796 768 815 807 et

145 826 476 952 mentium
480 824 815 938 itinerum,

146 960 236 1014 sperate
246 952 363 1015 suffragia,
382 952 553 1017 renuntiarique
563 960 587 999 te
598 955 721 1002 censilem
728 953 817 1016 jussisse

146 1024 274 1073 contentus,
292 1017 371 1065 liberte
388 1017 485 1065 civitatis
495 1031 524 1064 ne
535 1016 713 1066 simulationem
728 1017 816 1083 quidem

146 1095 221 1128 serves
230 1082 241 1127 i
257 1080 383 1129 Abstineas
392 1081 492 1157 denique
502 1080 608 1139 comitiis,
620 1084 744 1132 abstrusus
754 1092 818 1145 atque

147 1144 245 1199 abditus,
264 1145 330 1209 quasi
347 1145 395 1194 illic
414 1145 458 1194 tibi
474 1160 520 1193 non
540 1146 675 1194 consulatus
692 1147 769 1204 detur,
782 1144 818 1193 sed

147 1210 270 1272 abrogetur
279 1210 423 1273 imperium?
446 1210 506 1258 Haee
521 1210 639 1273 persuasio
653 1209 818 1274 superbimimis

149 1273 248 1322 dominis
262 1283 318 1331 erat,
335 1283 363 1322 ut
372 1273 417 1322 sibi
426 1273 557 1322 viderentur
573 1274 696 1338 Principes
707 1293 755 1325 ease
764 1274 819 1323 deri·

149 1353 212 1399 nere,
223 1339 243 1386 si
253 1338 311 1402 quid
320 1339 420 1386 facerent
429 1345 549 1402 tamquam
564 1346 690 1387 senatores.
716 1340 819 1403 Plerique

150 1410 236 1459 tamen,
246 1418 293 1451 non
303 1411 352 1450 tam
362 1401 477 1466 superbid,
487 1417 557 1466 quum
568 1411 635 1450 metu
645 1404 760 1467 quodam
770 1404 820 1451 sub·

149 1470 310 1516 movebantur.
322 1468 511 1530 An,stuprorum
522 1466 566 1515 sihi
574 1467 764 1533 incestsmmque
771 1482 820 1515 noc·

151 1531 210 1578 tium
222 1532 313 1587 conscii,
328 1531 430 1594 auspicia
447 1532 557 1595 polluere,
576 1541 743 1596 sacratumque
754 1534 819 1583 Cam·

151 1610 210 1706 ue
220 1596 442 1724 tr,
451 1595 821 1724 remetiente

151 1722 273 1771 tiosissimi
283 1723 344 1783 sede,
355 1724 478 1772 bominum
486 1724 638 1787 Deorumque
647 1725 791 1787 conjectosin
801 1738 823 1771 se

152 1787 230 1835 oculos
237 1787 295 1835 ferre
302 1803 329 1835 ac
338 1789 427 1851 perpeti
437 1797 536 1852 possent·
558 1788 616 1836 Tibi
623 1797 705 1837 conus
715 1799 739 1838 et
748 1788 822 1837 mode·

152 1850 210 1899 mdo
221 1860 262 1900 tua
270 1851 349 1911 masis,
360 1861 383 1899 et
391 1853 506 1911 smctitss,
515 1862 572 1900 otte
580 1852 716 1916 ureligioni
722 1854 823 1902 Deorum

153 1925 177 1964 et
185 1916 277 1977 judiciis
286 1916 408 1965 hominum
420 1917 544 1965 exhiberes.

188 1979 258 2044 (64.)
276 1982 327 2029 Alii
338 1982 492 2040 consulatum,
503 1990 556 2029 ente
564 1996 637 2044 quam
645 1981 783 2046 acciperent,
791 1990 822 2033 tu,

153 2054 178 2093 et
194 2046 251 2094 dum
271 2046 361 2109 accipis,
380 2045 492 2094 meruisti.
519 2046 615 2093 Peracta
632 2055 699 2093 erant
716 2045 824 2095 sollennia

153 2110 309 2169 comitiorum,
320 2111 340 2158 si
351 2110 482 2174 Principem
492 2110 618 2173 cogitarese
634 2112 734 2175 jamque
744 2126 768 2158 se
778 2125 824 2158 om-

154 2173 191 2220 nis
201 2176 269 2221 turba
279 2183 441 2232 commoverat,
460 2189 514 2222 cum
529 2182 565 2232 tu,
580 2174 720 2222 mirantibus
731 2173 823 2229 uinctis,

154 2236 241 2283 accedis
252 2237 282 2284 ad
292 2239 392 2286 consulis
402 2239 497 2286 sellam:
515 2238 656 2302 adigendum
669 2247 694 2286 te
703 2240 792 2302 praebes
801 2237 824 2283 in

155 2301 225 2347 verba
236 2300 382 2364 Principibus
398 2303 486 2366 ignota,
503 2302 549 2350 nisi
562 2318 615 2351 cum
623 2303 705 2364 jurare
721 2309 825 2366 cogerent

154 2363 220 2412 alios.
242 2364 322 2423 Vides,
341 2381 413 2428 quam
431 2366 583 2416 necessarium
598 2366 669 2414 fuerit
682 2366 824 2415 consulabim

155 2443 203 2477 non
220 2432 341 2476 recusare?
370 2431 426 2478 Non
442 2430 586 2494 putissemus
601 2431 665 2479 istud
677 2431 794 2479 factumm
804 2438 825 2475 te

154 2493 234 2554 fuisse,
245 2493 266 2541 si
274 2493 405 2542 recusdsses.
431 2497 526 2560 Stupeo,
538 2496 618 2543 Patres
625 2495 765 2559 Gonmdpfi,
776 2509 825 2543 nec-

154 2557 213 2608 dum
225 2558 278 2609 satis
289 2568 332 2608 eut
340 2560 414 2608 oculis
425 2561 485 2608 meis
496 2568 539 2606 out
550 2559 644 2607 auribus
658 2560 742 2608 credor
760 2569 826 2621 atque

151 2625 284 2681 identidem
301 2642 352 2690 me,
367 2639 400 2675 eu
410 2623 537 2678 audieritis,
548 2637 580 2668 so
592 2621 702 2676 ‘dim
707 2623 828 2677 memo,
